%YAML 1.1
%TAG !u! tag:unity3d.com,2011:
--- !u!1 &4911170764008353395
GameObject:
  m_ObjectHideFlags: 0
  m_CorrespondingSourceObject: {fileID: 0}
  m_PrefabInstance: {fileID: 0}
  m_PrefabAsset: {fileID: 0}
  serializedVersion: 6
  m_Component:
  - component: {fileID: 4911170764008353394}
  - component: {fileID: 4911170764008353393}
  m_Layer: 0
  m_Name: Halle_Rund
  m_TagString: Untagged
  m_Icon: {fileID: 0}
  m_NavMeshLayer: 0
  m_StaticEditorFlags: 0
  m_IsActive: 1
--- !u!4 &4911170764008353394
Transform:
  m_ObjectHideFlags: 0
  m_CorrespondingSourceObject: {fileID: 0}
  m_PrefabInstance: {fileID: 0}
  m_PrefabAsset: {fileID: 0}
  m_GameObject: {fileID: 4911170764008353395}
  m_LocalRotation: {x: -0, y: -0, z: -0, w: 1}
  m_LocalPosition: {x: 0, y: 0, z: 0}
  m_LocalScale: {x: 1, y: 1, z: 1}
  m_Children: []
  m_Father: {fileID: 4911170765172425276}
  m_RootOrder: 0
  m_LocalEulerAnglesHint: {x: 0, y: 0, z: 0}
--- !u!212 &4911170764008353393
SpriteRenderer:
  m_ObjectHideFlags: 0
  m_CorrespondingSourceObject: {fileID: 0}
  m_PrefabInstance: {fileID: 0}
  m_PrefabAsset: {fileID: 0}
  m_GameObject: {fileID: 4911170764008353395}
  m_Enabled: 1
  m_CastShadows: 0
  m_ReceiveShadows: 0
  m_DynamicOccludee: 1
  m_MotionVectors: 1
  m_LightProbeUsage: 1
  m_ReflectionProbeUsage: 1
  m_RenderingLayerMask: 1
  m_RendererPriority: 0
  m_Materials:
  - {fileID: 10754, guid: 0000000000000000f000000000000000, type: 0}
  m_StaticBatchInfo:
    firstSubMesh: 0
    subMeshCount: 0
  m_StaticBatchRoot: {fileID: 0}
  m_ProbeAnchor: {fileID: 0}
  m_LightProbeVolumeOverride: {fileID: 0}
  m_ScaleInLightmap: 1
  m_PreserveUVs: 0
  m_IgnoreNormalsForChartDetection: 0
  m_ImportantGI: 0
  m_StitchLightmapSeams: 0
  m_SelectedEditorRenderState: 0
  m_MinimumChartSize: 4
  m_AutoUVMaxDistance: 0.5
  m_AutoUVMaxAngle: 89
  m_LightmapParameters: {fileID: 0}
  m_SortingLayerID: 903854657
  m_SortingLayer: -5
  m_SortingOrder: 0
  m_Sprite: {fileID: 21300000, guid: 9a2c7eb725601e348bb0ed27412f7bcd, type: 3}
  m_Color: {r: 1, g: 1, b: 1, a: 1}
  m_FlipX: 0
  m_FlipY: 0
  m_DrawMode: 0
  m_Size: {x: 19.2, y: 10.8}
  m_AdaptiveModeThreshold: 0.5
  m_SpriteTileMode: 0
  m_WasSpriteAssigned: 1
  m_MaskInteraction: 0
  m_SpriteSortPoint: 0
--- !u!95 &4911170763780036437
Animator:
  serializedVersion: 3
  m_ObjectHideFlags: 0
  m_CorrespondingSourceObject: {fileID: 0}
  m_PrefabInstance: {fileID: 0}
  m_PrefabAsset: {fileID: 0}
  m_GameObject: {fileID: 4911170764388011623}
  m_Enabled: 1
  m_Avatar: {fileID: 0}
  m_Controller: {fileID: 9100000, guid: 1f9d5172eaea34415aa05ae7f7905cab, type: 2}
  m_CullingMode: 0
  m_UpdateMode: 0
  m_ApplyRootMotion: 0
  m_LinearVelocityBlending: 0
  m_WarningMessage: 
  m_HasTransformHierarchy: 1
  m_AllowConstantClipSamplingOptimization: 1
  m_KeepAnimatorControllerStateOnDisable: 0
--- !u!1 &4911170765172425277
GameObject:
  m_ObjectHideFlags: 0
  m_CorrespondingSourceObject: {fileID: 0}
  m_PrefabInstance: {fileID: 0}
  m_PrefabAsset: {fileID: 0}
  serializedVersion: 6
  m_Component:
  - component: {fileID: 4911170765172425276}
  m_Layer: 0
  m_Name: Hall_To_RoundWorld
  m_TagString: Untagged
  m_Icon: {fileID: 0}
  m_NavMeshLayer: 0
  m_StaticEditorFlags: 0
  m_IsActive: 1
--- !u!4 &4911170765172425276
Transform:
  m_ObjectHideFlags: 0
  m_CorrespondingSourceObject: {fileID: 0}
  m_PrefabInstance: {fileID: 0}
  m_PrefabAsset: {fileID: 0}
  m_GameObject: {fileID: 4911170765172425277}
  m_LocalRotation: {x: 0, y: 0, z: 0, w: 1}
  m_LocalPosition: {x: 0, y: 0, z: 0}
  m_LocalScale: {x: 1, y: 1, z: 1}
  m_Children:
  - {fileID: 4911170764008353394}
  - {fileID: 4911170764388307527}
  - {fileID: 4911170765443052455}
  m_Father: {fileID: 0}
  m_RootOrder: 0
  m_LocalEulerAnglesHint: {x: 0, y: 0, z: 0}
--- !u!95 &4911170765770094099
Animator:
  serializedVersion: 3
  m_ObjectHideFlags: 0
  m_CorrespondingSourceObject: {fileID: 0}
  m_PrefabInstance: {fileID: 0}
  m_PrefabAsset: {fileID: 0}
  m_GameObject: {fileID: 4911170765443018631}
  m_Enabled: 1
  m_Avatar: {fileID: 0}
  m_Controller: {fileID: 9100000, guid: 1f9d5172eaea34415aa05ae7f7905cab, type: 2}
  m_CullingMode: 0
  m_UpdateMode: 0
  m_ApplyRootMotion: 0
  m_LinearVelocityBlending: 0
  m_WarningMessage: 
  m_HasTransformHierarchy: 1
  m_AllowConstantClipSamplingOptimization: 1
  m_KeepAnimatorControllerStateOnDisable: 0
--- !u!1001 &4911170764387911879
PrefabInstance:
  m_ObjectHideFlags: 0
  serializedVersion: 2
  m_Modification:
    m_TransformParent: {fileID: 4911170765172425276}
    m_Modifications:
    - target: {fileID: 400000, guid: 52600df27938b4b74ae7c449a86123cf, type: 3}
      propertyPath: m_LocalPosition.x
      value: -3.61
      objectReference: {fileID: 0}
    - target: {fileID: 400000, guid: 52600df27938b4b74ae7c449a86123cf, type: 3}
      propertyPath: m_LocalPosition.y
      value: 0.75
      objectReference: {fileID: 0}
    - target: {fileID: 400000, guid: 52600df27938b4b74ae7c449a86123cf, type: 3}
      propertyPath: m_LocalPosition.z
      value: -0.33569467
      objectReference: {fileID: 0}
    - target: {fileID: 400000, guid: 52600df27938b4b74ae7c449a86123cf, type: 3}
      propertyPath: m_LocalRotation.x
      value: 0
      objectReference: {fileID: 0}
    - target: {fileID: 400000, guid: 52600df27938b4b74ae7c449a86123cf, type: 3}
      propertyPath: m_LocalRotation.y
      value: 0
      objectReference: {fileID: 0}
    - target: {fileID: 400000, guid: 52600df27938b4b74ae7c449a86123cf, type: 3}
      propertyPath: m_LocalRotation.z
      value: 0
      objectReference: {fileID: 0}
    - target: {fileID: 400000, guid: 52600df27938b4b74ae7c449a86123cf, type: 3}
      propertyPath: m_LocalRotation.w
      value: 1
      objectReference: {fileID: 0}
    - target: {fileID: 400000, guid: 52600df27938b4b74ae7c449a86123cf, type: 3}
      propertyPath: m_RootOrder
      value: 1
      objectReference: {fileID: 0}
    - target: {fileID: 400000, guid: 52600df27938b4b74ae7c449a86123cf, type: 3}
      propertyPath: m_LocalEulerAnglesHint.x
      value: 0
      objectReference: {fileID: 0}
    - target: {fileID: 400000, guid: 52600df27938b4b74ae7c449a86123cf, type: 3}
      propertyPath: m_LocalEulerAnglesHint.y
      value: 0
      objectReference: {fileID: 0}
    - target: {fileID: 400000, guid: 52600df27938b4b74ae7c449a86123cf, type: 3}
      propertyPath: m_LocalEulerAnglesHint.z
      value: 0
      objectReference: {fileID: 0}
    - target: {fileID: 400000, guid: 52600df27938b4b74ae7c449a86123cf, type: 3}
      propertyPath: m_LocalScale.x
      value: 0.34024
      objectReference: {fileID: 0}
    - target: {fileID: 400000, guid: 52600df27938b4b74ae7c449a86123cf, type: 3}
      propertyPath: m_LocalScale.y
      value: 0.3402401
      objectReference: {fileID: 0}
    - target: {fileID: 400000, guid: 52600df27938b4b74ae7c449a86123cf, type: 3}
      propertyPath: m_LocalScale.z
      value: 0.19219005
      objectReference: {fileID: 0}
    - target: {fileID: 100000, guid: 52600df27938b4b74ae7c449a86123cf, type: 3}
      propertyPath: m_Name
      value: fahne
      objectReference: {fileID: 0}
    m_RemovedComponents: []
  m_SourcePrefab: {fileID: 100100000, guid: 52600df27938b4b74ae7c449a86123cf, type: 3}
--- !u!1 &4911170764388011623 stripped
GameObject:
  m_CorrespondingSourceObject: {fileID: 100000, guid: 52600df27938b4b74ae7c449a86123cf,
    type: 3}
  m_PrefabInstance: {fileID: 4911170764387911879}
  m_PrefabAsset: {fileID: 0}
--- !u!4 &4911170764388307527 stripped
Transform:
  m_CorrespondingSourceObject: {fileID: 400000, guid: 52600df27938b4b74ae7c449a86123cf,
    type: 3}
  m_PrefabInstance: {fileID: 4911170764387911879}
  m_PrefabAsset: {fileID: 0}
--- !u!1001 &4911170765442918695
PrefabInstance:
  m_ObjectHideFlags: 0
  serializedVersion: 2
  m_Modification:
    m_TransformParent: {fileID: 4911170765172425276}
    m_Modifications:
    - target: {fileID: 400000, guid: 52600df27938b4b74ae7c449a86123cf, type: 3}
      propertyPath: m_LocalPosition.x
      value: -5.11
      objectReference: {fileID: 0}
    - target: {fileID: 400000, guid: 52600df27938b4b74ae7c449a86123cf, type: 3}
      propertyPath: m_LocalPosition.y
      value: -2.55
      objectReference: {fileID: 0}
    - target: {fileID: 400000, guid: 52600df27938b4b74ae7c449a86123cf, type: 3}
      propertyPath: m_LocalPosition.z
      value: -0.33569467
      objectReference: {fileID: 0}
    - target: {fileID: 400000, guid: 52600df27938b4b74ae7c449a86123cf, type: 3}
      propertyPath: m_LocalRotation.x
      value: 0
      objectReference: {fileID: 0}
    - target: {fileID: 400000, guid: 52600df27938b4b74ae7c449a86123cf, type: 3}
      propertyPath: m_LocalRotation.y
      value: 0
      objectReference: {fileID: 0}
    - target: {fileID: 400000, guid: 52600df27938b4b74ae7c449a86123cf, type: 3}
      propertyPath: m_LocalRotation.z
      value: 0
      objectReference: {fileID: 0}
    - target: {fileID: 400000, guid: 52600df27938b4b74ae7c449a86123cf, type: 3}
      propertyPath: m_LocalRotation.w
      value: 1
      objectReference: {fileID: 0}
    - target: {fileID: 400000, guid: 52600df27938b4b74ae7c449a86123cf, type: 3}
      propertyPath: m_RootOrder
      value: 2
      objectReference: {fileID: 0}
    - target: {fileID: 400000, guid: 52600df27938b4b74ae7c449a86123cf, type: 3}
      propertyPath: m_LocalEulerAnglesHint.x
      value: 0
      objectReference: {fileID: 0}
    - target: {fileID: 400000, guid: 52600df27938b4b74ae7c449a86123cf, type: 3}
      propertyPath: m_LocalEulerAnglesHint.y
      value: 0
      objectReference: {fileID: 0}
    - target: {fileID: 400000, guid: 52600df27938b4b74ae7c449a86123cf, type: 3}
      propertyPath: m_LocalEulerAnglesHint.z
      value: 0
      objectReference: {fileID: 0}
    - target: {fileID: 400000, guid: 52600df27938b4b74ae7c449a86123cf, type: 3}
      propertyPath: m_LocalScale.x
      value: 0.24024
      objectReference: {fileID: 0}
    - target: {fileID: 400000, guid: 52600df27938b4b74ae7c449a86123cf, type: 3}
      propertyPath: m_LocalScale.y
      value: 0.24024005
      objectReference: {fileID: 0}
    - target: {fileID: 400000, guid: 52600df27938b4b74ae7c449a86123cf, type: 3}
      propertyPath: m_LocalScale.z
      value: 0.19219005
      objectReference: {fileID: 0}
    - target: {fileID: 100000, guid: 52600df27938b4b74ae7c449a86123cf, type: 3}
      propertyPath: m_Name
      value: fahne (1)
      objectReference: {fileID: 0}
    m_RemovedComponents: []
  m_SourcePrefab: {fileID: 100100000, guid: 52600df27938b4b74ae7c449a86123cf, type: 3}
--- !u!1 &4911170765443018631 stripped
GameObject:
  m_CorrespondingSourceObject: {fileID: 100000, guid: 52600df27938b4b74ae7c449a86123cf,
    type: 3}
  m_PrefabInstance: {fileID: 4911170765442918695}
  m_PrefabAsset: {fileID: 0}
--- !u!4 &4911170765443052455 stripped
Transform:
  m_CorrespondingSourceObject: {fileID: 400000, guid: 52600df27938b4b74ae7c449a86123cf,
    type: 3}
  m_PrefabInstance: {fileID: 4911170765442918695}
  m_PrefabAsset: {fileID: 0}
