%YAML 1.1
%TAG !u! tag:unity3d.com,2011:
--- !u!1 &214184933
GameObject:
  m_ObjectHideFlags: 0
  m_CorrespondingSourceObject: {fileID: 0}
  m_PrefabInstance: {fileID: 0}
  m_PrefabAsset: {fileID: 0}
  serializedVersion: 6
  m_Component:
  - component: {fileID: 214184934}
  - component: {fileID: 214184935}
  m_Layer: 0
  m_Name: schild
  m_TagString: Untagged
  m_Icon: {fileID: 0}
  m_NavMeshLayer: 0
  m_StaticEditorFlags: 0
  m_IsActive: 1
--- !u!4 &214184934
Transform:
  m_ObjectHideFlags: 0
  m_CorrespondingSourceObject: {fileID: 0}
  m_PrefabInstance: {fileID: 0}
  m_PrefabAsset: {fileID: 0}
  m_GameObject: {fileID: 214184933}
  m_LocalRotation: {x: -0, y: -0, z: -0, w: 1}
  m_LocalPosition: {x: 20.08, y: 2.16, z: 0}
  m_LocalScale: {x: 0.8, y: 0.8, z: 1}
  m_Children: []
  m_Father: {fileID: 3266167376978221706}
  m_RootOrder: 6
  m_LocalEulerAnglesHint: {x: 0, y: 0, z: 0}
--- !u!212 &214184935
SpriteRenderer:
  m_ObjectHideFlags: 0
  m_CorrespondingSourceObject: {fileID: 0}
  m_PrefabInstance: {fileID: 0}
  m_PrefabAsset: {fileID: 0}
  m_GameObject: {fileID: 214184933}
  m_Enabled: 1
  m_CastShadows: 0
  m_ReceiveShadows: 0
  m_DynamicOccludee: 1
  m_MotionVectors: 1
  m_LightProbeUsage: 1
  m_ReflectionProbeUsage: 1
  m_RenderingLayerMask: 1
  m_RendererPriority: 0
  m_Materials:
  - {fileID: 10754, guid: 0000000000000000f000000000000000, type: 0}
  m_StaticBatchInfo:
    firstSubMesh: 0
    subMeshCount: 0
  m_StaticBatchRoot: {fileID: 0}
  m_ProbeAnchor: {fileID: 0}
  m_LightProbeVolumeOverride: {fileID: 0}
  m_ScaleInLightmap: 1
  m_PreserveUVs: 0
  m_IgnoreNormalsForChartDetection: 0
  m_ImportantGI: 0
  m_StitchLightmapSeams: 0
  m_SelectedEditorRenderState: 0
  m_MinimumChartSize: 4
  m_AutoUVMaxDistance: 0.5
  m_AutoUVMaxAngle: 89
  m_LightmapParameters: {fileID: 0}
  m_SortingLayerID: -1028000359
  m_SortingLayer: -4
  m_SortingOrder: 20
  m_Sprite: {fileID: 21300000, guid: c07800d8c07f65342b183aff4f92dc82, type: 3}
  m_Color: {r: 1, g: 1, b: 1, a: 1}
  m_FlipX: 0
  m_FlipY: 0
  m_DrawMode: 0
  m_Size: {x: 2.2, y: 2.91}
  m_AdaptiveModeThreshold: 0.5
  m_SpriteTileMode: 0
  m_WasSpriteAssigned: 1
  m_MaskInteraction: 0
  m_SpriteSortPoint: 0
--- !u!95 &163250511
Animator:
  serializedVersion: 3
  m_ObjectHideFlags: 0
  m_CorrespondingSourceObject: {fileID: 0}
  m_PrefabInstance: {fileID: 0}
  m_PrefabAsset: {fileID: 0}
  m_GameObject: {fileID: 424233988}
  m_Enabled: 1
  m_Avatar: {fileID: 0}
  m_Controller: {fileID: 9100000, guid: 3b5710cacd53f45b192a7da95c5344f0, type: 2}
  m_CullingMode: 0
  m_UpdateMode: 0
  m_ApplyRootMotion: 0
  m_LinearVelocityBlending: 0
  m_WarningMessage: 
  m_HasTransformHierarchy: 1
  m_AllowConstantClipSamplingOptimization: 1
  m_KeepAnimatorControllerStateOnDisable: 0
--- !u!1 &1321159609
GameObject:
  m_ObjectHideFlags: 0
  m_CorrespondingSourceObject: {fileID: 0}
  m_PrefabInstance: {fileID: 0}
  m_PrefabAsset: {fileID: 0}
  serializedVersion: 6
  m_Component:
  - component: {fileID: 1321159610}
  - component: {fileID: 1321159611}
  m_Layer: 0
  m_Name: 04_boden (1)
  m_TagString: Untagged
  m_Icon: {fileID: 0}
  m_NavMeshLayer: 0
  m_StaticEditorFlags: 0
  m_IsActive: 1
--- !u!4 &1321159610
Transform:
  m_ObjectHideFlags: 0
  m_CorrespondingSourceObject: {fileID: 0}
  m_PrefabInstance: {fileID: 0}
  m_PrefabAsset: {fileID: 0}
  m_GameObject: {fileID: 1321159609}
  m_LocalRotation: {x: -0, y: -0, z: -0, w: 1}
  m_LocalPosition: {x: 0, y: 0.55, z: 0}
  m_LocalScale: {x: 1, y: 1, z: 1}
  m_Children: []
  m_Father: {fileID: 3266167376978221706}
  m_RootOrder: 3
  m_LocalEulerAnglesHint: {x: 0, y: 0, z: 0}
--- !u!212 &1321159611
SpriteRenderer:
  m_ObjectHideFlags: 0
  m_CorrespondingSourceObject: {fileID: 0}
  m_PrefabInstance: {fileID: 0}
  m_PrefabAsset: {fileID: 0}
  m_GameObject: {fileID: 1321159609}
  m_Enabled: 1
  m_CastShadows: 0
  m_ReceiveShadows: 0
  m_DynamicOccludee: 1
  m_MotionVectors: 1
  m_LightProbeUsage: 1
  m_ReflectionProbeUsage: 1
  m_RenderingLayerMask: 1
  m_RendererPriority: 0
  m_Materials:
  - {fileID: 10754, guid: 0000000000000000f000000000000000, type: 0}
  m_StaticBatchInfo:
    firstSubMesh: 0
    subMeshCount: 0
  m_StaticBatchRoot: {fileID: 0}
  m_ProbeAnchor: {fileID: 0}
  m_LightProbeVolumeOverride: {fileID: 0}
  m_ScaleInLightmap: 1
  m_PreserveUVs: 0
  m_IgnoreNormalsForChartDetection: 0
  m_ImportantGI: 0
  m_StitchLightmapSeams: 0
  m_SelectedEditorRenderState: 0
  m_MinimumChartSize: 4
  m_AutoUVMaxDistance: 0.5
  m_AutoUVMaxAngle: 89
  m_LightmapParameters: {fileID: 0}
  m_SortingLayerID: -1028000359
  m_SortingLayer: -4
  m_SortingOrder: 19
  m_Sprite: {fileID: 21300000, guid: 540ce96677fee7d4194d5022add8829f, type: 3}
  m_Color: {r: 1, g: 1, b: 1, a: 1}
  m_FlipX: 0
  m_FlipY: 0
  m_DrawMode: 0
  m_Size: {x: 57.6, y: 1.98}
  m_AdaptiveModeThreshold: 0.5
  m_SpriteTileMode: 0
  m_WasSpriteAssigned: 1
  m_MaskInteraction: 0
  m_SpriteSortPoint: 0
--- !u!95 &1844378947
Animator:
  serializedVersion: 3
  m_ObjectHideFlags: 0
  m_CorrespondingSourceObject: {fileID: 0}
  m_PrefabInstance: {fileID: 0}
  m_PrefabAsset: {fileID: 0}
  m_GameObject: {fileID: 2059675952}
  m_Enabled: 1
  m_Avatar: {fileID: 0}
  m_Controller: {fileID: 9100000, guid: 6308807e441098d4c8d4439b96365b0f, type: 2}
  m_CullingMode: 0
  m_UpdateMode: 0
  m_ApplyRootMotion: 0
  m_LinearVelocityBlending: 0
  m_WarningMessage: 
  m_HasTransformHierarchy: 1
  m_AllowConstantClipSamplingOptimization: 1
  m_KeepAnimatorControllerStateOnDisable: 0
--- !u!1 &3266167376435066855
GameObject:
  m_ObjectHideFlags: 0
  m_CorrespondingSourceObject: {fileID: 0}
  m_PrefabInstance: {fileID: 0}
  m_PrefabAsset: {fileID: 0}
  serializedVersion: 6
  m_Component:
  - component: {fileID: 3266167376435066854}
  - component: {fileID: 3266167376435066853}
  m_Layer: 0
  m_Name: 05_duehne
  m_TagString: Untagged
  m_Icon: {fileID: 0}
  m_NavMeshLayer: 0
  m_StaticEditorFlags: 0
  m_IsActive: 1
--- !u!4 &3266167376435066854
Transform:
  m_ObjectHideFlags: 0
  m_CorrespondingSourceObject: {fileID: 0}
  m_PrefabInstance: {fileID: 0}
  m_PrefabAsset: {fileID: 0}
  m_GameObject: {fileID: 3266167376435066855}
  m_LocalRotation: {x: -0, y: -0, z: -0, w: 1}
  m_LocalPosition: {x: 3.75, y: 2.155, z: 0}
  m_LocalScale: {x: 1, y: 1, z: 1}
  m_Children: []
  m_Father: {fileID: 3266167376978221706}
  m_RootOrder: 2
  m_LocalEulerAnglesHint: {x: 0, y: 0, z: 0}
--- !u!212 &3266167376435066853
SpriteRenderer:
  m_ObjectHideFlags: 0
  m_CorrespondingSourceObject: {fileID: 0}
  m_PrefabInstance: {fileID: 0}
  m_PrefabAsset: {fileID: 0}
  m_GameObject: {fileID: 3266167376435066855}
  m_Enabled: 1
  m_CastShadows: 0
  m_ReceiveShadows: 0
  m_DynamicOccludee: 1
  m_MotionVectors: 1
  m_LightProbeUsage: 1
  m_ReflectionProbeUsage: 1
  m_RenderingLayerMask: 1
  m_RendererPriority: 0
  m_Materials:
  - {fileID: 10754, guid: 0000000000000000f000000000000000, type: 0}
  m_StaticBatchInfo:
    firstSubMesh: 0
    subMeshCount: 0
  m_StaticBatchRoot: {fileID: 0}
  m_ProbeAnchor: {fileID: 0}
  m_LightProbeVolumeOverride: {fileID: 0}
  m_ScaleInLightmap: 1
  m_PreserveUVs: 0
  m_IgnoreNormalsForChartDetection: 0
  m_ImportantGI: 0
  m_StitchLightmapSeams: 0
  m_SelectedEditorRenderState: 0
  m_MinimumChartSize: 4
  m_AutoUVMaxDistance: 0.5
  m_AutoUVMaxAngle: 89
  m_LightmapParameters: {fileID: 0}
  m_SortingLayerID: -1028000359
  m_SortingLayer: -4
  m_SortingOrder: 18
  m_Sprite: {fileID: 21300000, guid: 9c9909de1ea26964c9149243ce56ed4b, type: 3}
  m_Color: {r: 1, g: 1, b: 1, a: 1}
  m_FlipX: 0
  m_FlipY: 0
  m_DrawMode: 0
  m_Size: {x: 15.29, y: 2.47}
  m_AdaptiveModeThreshold: 0.5
  m_SpriteTileMode: 0
  m_WasSpriteAssigned: 1
  m_MaskInteraction: 0
  m_SpriteSortPoint: 0
--- !u!1 &3266167376978221707
GameObject:
  m_ObjectHideFlags: 0
  m_CorrespondingSourceObject: {fileID: 0}
  m_PrefabInstance: {fileID: 0}
  m_PrefabAsset: {fileID: 0}
  serializedVersion: 6
  m_Component:
  - component: {fileID: 3266167376978221706}
  m_Layer: 0
  m_Name: De_01_Movearea02
  m_TagString: Untagged
  m_Icon: {fileID: 0}
  m_NavMeshLayer: 0
  m_StaticEditorFlags: 0
  m_IsActive: 1
--- !u!4 &3266167376978221706
Transform:
  m_ObjectHideFlags: 0
  m_CorrespondingSourceObject: {fileID: 0}
  m_PrefabInstance: {fileID: 0}
  m_PrefabAsset: {fileID: 0}
  m_GameObject: {fileID: 3266167376978221707}
  m_LocalRotation: {x: 0, y: 0, z: 0, w: 1}
  m_LocalPosition: {x: 0, y: -5.4, z: 0}
  m_LocalScale: {x: 0.8, y: 0.8, z: 0.8}
  m_Children:
  - {fileID: 3266167377929019086}
  - {fileID: 3266167378118485773}
  - {fileID: 3266167376435066854}
  - {fileID: 1321159610}
  - {fileID: 2059646224}
  - {fileID: 424595492}
  - {fileID: 214184934}
  m_Father: {fileID: 0}
  m_RootOrder: 0
  m_LocalEulerAnglesHint: {x: 0, y: 0, z: 0}
--- !u!1 &3266167377929019087
GameObject:
  m_ObjectHideFlags: 0
  m_CorrespondingSourceObject: {fileID: 0}
  m_PrefabInstance: {fileID: 0}
  m_PrefabAsset: {fileID: 0}
  serializedVersion: 6
  m_Component:
  - component: {fileID: 3266167377929019086}
  - component: {fileID: 3266167377929019085}
  m_Layer: 0
  m_Name: 04_boden
  m_TagString: Untagged
  m_Icon: {fileID: 0}
  m_NavMeshLayer: 0
  m_StaticEditorFlags: 0
  m_IsActive: 1
--- !u!4 &3266167377929019086
Transform:
  m_ObjectHideFlags: 0
  m_CorrespondingSourceObject: {fileID: 0}
  m_PrefabInstance: {fileID: 0}
  m_PrefabAsset: {fileID: 0}
  m_GameObject: {fileID: 3266167377929019087}
  m_LocalRotation: {x: -0, y: -0, z: -0, w: 1}
  m_LocalPosition: {x: 0, y: 0.996, z: 0}
  m_LocalScale: {x: 1, y: 1, z: 1}
  m_Children: []
  m_Father: {fileID: 3266167376978221706}
  m_RootOrder: 0
  m_LocalEulerAnglesHint: {x: 0, y: 0, z: 0}
--- !u!212 &3266167377929019085
SpriteRenderer:
  m_ObjectHideFlags: 0
  m_CorrespondingSourceObject: {fileID: 0}
  m_PrefabInstance: {fileID: 0}
  m_PrefabAsset: {fileID: 0}
  m_GameObject: {fileID: 3266167377929019087}
  m_Enabled: 1
  m_CastShadows: 0
  m_ReceiveShadows: 0
  m_DynamicOccludee: 1
  m_MotionVectors: 1
  m_LightProbeUsage: 1
  m_ReflectionProbeUsage: 1
  m_RenderingLayerMask: 1
  m_RendererPriority: 0
  m_Materials:
  - {fileID: 10754, guid: 0000000000000000f000000000000000, type: 0}
  m_StaticBatchInfo:
    firstSubMesh: 0
    subMeshCount: 0
  m_StaticBatchRoot: {fileID: 0}
  m_ProbeAnchor: {fileID: 0}
  m_LightProbeVolumeOverride: {fileID: 0}
  m_ScaleInLightmap: 1
  m_PreserveUVs: 0
  m_IgnoreNormalsForChartDetection: 0
  m_ImportantGI: 0
  m_StitchLightmapSeams: 0
  m_SelectedEditorRenderState: 0
  m_MinimumChartSize: 4
  m_AutoUVMaxDistance: 0.5
  m_AutoUVMaxAngle: 89
  m_LightmapParameters: {fileID: 0}
  m_SortingLayerID: -1028000359
  m_SortingLayer: -4
  m_SortingOrder: 19
  m_Sprite: {fileID: 21300000, guid: 540ce96677fee7d4194d5022add8829f, type: 3}
  m_Color: {r: 1, g: 1, b: 1, a: 1}
  m_FlipX: 0
  m_FlipY: 0
  m_DrawMode: 0
  m_Size: {x: 57.6, y: 1.98}
  m_AdaptiveModeThreshold: 0.5
  m_SpriteTileMode: 0
  m_WasSpriteAssigned: 1
  m_MaskInteraction: 0
  m_SpriteSortPoint: 0
--- !u!1 &3266167378118485774
GameObject:
  m_ObjectHideFlags: 0
  m_CorrespondingSourceObject: {fileID: 0}
  m_PrefabInstance: {fileID: 0}
  m_PrefabAsset: {fileID: 0}
  serializedVersion: 6
  m_Component:
  - component: {fileID: 3266167378118485773}
  - component: {fileID: 3266167378118485772}
  m_Layer: 0
  m_Name: 04_minigamehaus
  m_TagString: Untagged
  m_Icon: {fileID: 0}
  m_NavMeshLayer: 0
  m_StaticEditorFlags: 0
  m_IsActive: 1
--- !u!4 &3266167378118485773
Transform:
  m_ObjectHideFlags: 0
  m_CorrespondingSourceObject: {fileID: 0}
  m_PrefabInstance: {fileID: 0}
  m_PrefabAsset: {fileID: 0}
  m_GameObject: {fileID: 3266167378118485774}
  m_LocalRotation: {x: -0, y: -0, z: -0, w: 1}
  m_LocalPosition: {x: 14.749, y: 2.567, z: 0}
  m_LocalScale: {x: 1, y: 1, z: 1}
  m_Children: []
  m_Father: {fileID: 3266167376978221706}
  m_RootOrder: 1
  m_LocalEulerAnglesHint: {x: 0, y: 0, z: 0}
--- !u!212 &3266167378118485772
SpriteRenderer:
  m_ObjectHideFlags: 0
  m_CorrespondingSourceObject: {fileID: 0}
  m_PrefabInstance: {fileID: 0}
  m_PrefabAsset: {fileID: 0}
  m_GameObject: {fileID: 3266167378118485774}
  m_Enabled: 1
  m_CastShadows: 0
  m_ReceiveShadows: 0
  m_DynamicOccludee: 1
  m_MotionVectors: 1
  m_LightProbeUsage: 1
  m_ReflectionProbeUsage: 1
  m_RenderingLayerMask: 1
  m_RendererPriority: 0
  m_Materials:
  - {fileID: 10754, guid: 0000000000000000f000000000000000, type: 0}
  m_StaticBatchInfo:
    firstSubMesh: 0
    subMeshCount: 0
  m_StaticBatchRoot: {fileID: 0}
  m_ProbeAnchor: {fileID: 0}
  m_LightProbeVolumeOverride: {fileID: 0}
  m_ScaleInLightmap: 1
  m_PreserveUVs: 0
  m_IgnoreNormalsForChartDetection: 0
  m_ImportantGI: 0
  m_StitchLightmapSeams: 0
  m_SelectedEditorRenderState: 0
  m_MinimumChartSize: 4
  m_AutoUVMaxDistance: 0.5
  m_AutoUVMaxAngle: 89
  m_LightmapParameters: {fileID: 0}
  m_SortingLayerID: -1028000359
  m_SortingLayer: -4
  m_SortingOrder: 20
  m_Sprite: {fileID: 21300000, guid: 1b134398d2b48a84ead0d14bb9304a30, type: 3}
  m_Color: {r: 1, g: 1, b: 1, a: 1}
  m_FlipX: 0
  m_FlipY: 0
  m_DrawMode: 0
  m_Size: {x: 8.12, y: 3.41}
  m_AdaptiveModeThreshold: 0.5
  m_SpriteTileMode: 0
  m_WasSpriteAssigned: 1
  m_MaskInteraction: 0
  m_SpriteSortPoint: 0
--- !u!1001 &424200868
PrefabInstance:
  m_ObjectHideFlags: 0
  serializedVersion: 2
  m_Modification:
    m_TransformParent: {fileID: 3266167376978221706}
    m_Modifications:
    - target: {fileID: 100000, guid: 2a49ecc4ef5614a27b6057baee44a497, type: 3}
      propertyPath: m_Name
      value: priest_desert_camel
      objectReference: {fileID: 0}
    - target: {fileID: 100008, guid: 2a49ecc4ef5614a27b6057baee44a497, type: 3}
      propertyPath: m_IsActive
      value: 0
      objectReference: {fileID: 0}
    - target: {fileID: 400000, guid: 2a49ecc4ef5614a27b6057baee44a497, type: 3}
      propertyPath: m_LocalPosition.x
      value: 9.82
      objectReference: {fileID: 0}
    - target: {fileID: 400000, guid: 2a49ecc4ef5614a27b6057baee44a497, type: 3}
      propertyPath: m_LocalPosition.y
      value: 0.3800001
      objectReference: {fileID: 0}
    - target: {fileID: 400000, guid: 2a49ecc4ef5614a27b6057baee44a497, type: 3}
      propertyPath: m_LocalPosition.z
      value: 0
      objectReference: {fileID: 0}
    - target: {fileID: 400000, guid: 2a49ecc4ef5614a27b6057baee44a497, type: 3}
      propertyPath: m_LocalRotation.x
      value: 0
      objectReference: {fileID: 0}
    - target: {fileID: 400000, guid: 2a49ecc4ef5614a27b6057baee44a497, type: 3}
      propertyPath: m_LocalRotation.y
      value: 0
      objectReference: {fileID: 0}
    - target: {fileID: 400000, guid: 2a49ecc4ef5614a27b6057baee44a497, type: 3}
      propertyPath: m_LocalRotation.z
      value: 0
      objectReference: {fileID: 0}
    - target: {fileID: 400000, guid: 2a49ecc4ef5614a27b6057baee44a497, type: 3}
      propertyPath: m_LocalRotation.w
      value: 1
      objectReference: {fileID: 0}
    - target: {fileID: 400000, guid: 2a49ecc4ef5614a27b6057baee44a497, type: 3}
      propertyPath: m_RootOrder
      value: 5
      objectReference: {fileID: 0}
    - target: {fileID: 400000, guid: 2a49ecc4ef5614a27b6057baee44a497, type: 3}
      propertyPath: m_LocalEulerAnglesHint.x
      value: 0
      objectReference: {fileID: 0}
    - target: {fileID: 400000, guid: 2a49ecc4ef5614a27b6057baee44a497, type: 3}
      propertyPath: m_LocalEulerAnglesHint.y
      value: 0
      objectReference: {fileID: 0}
    - target: {fileID: 400000, guid: 2a49ecc4ef5614a27b6057baee44a497, type: 3}
      propertyPath: m_LocalEulerAnglesHint.z
      value: 0
      objectReference: {fileID: 0}
    - target: {fileID: 400000, guid: 2a49ecc4ef5614a27b6057baee44a497, type: 3}
      propertyPath: m_LocalScale.x
      value: 0.22
      objectReference: {fileID: 0}
    - target: {fileID: 400000, guid: 2a49ecc4ef5614a27b6057baee44a497, type: 3}
      propertyPath: m_LocalScale.y
      value: 0.22
      objectReference: {fileID: 0}
    - target: {fileID: 400000, guid: 2a49ecc4ef5614a27b6057baee44a497, type: 3}
      propertyPath: m_LocalScale.z
      value: 0.22
      objectReference: {fileID: 0}
    - target: {fileID: 21200000, guid: 2a49ecc4ef5614a27b6057baee44a497, type: 3}
      propertyPath: m_SortingLayerID
      value: -1028000359
      objectReference: {fileID: 0}
    - target: {fileID: 21200000, guid: 2a49ecc4ef5614a27b6057baee44a497, type: 3}
      propertyPath: m_SortingLayer
      value: -4
      objectReference: {fileID: 0}
    - target: {fileID: 21200000, guid: 2a49ecc4ef5614a27b6057baee44a497, type: 3}
      propertyPath: m_SortingOrder
      value: 23
      objectReference: {fileID: 0}
    - target: {fileID: 21200002, guid: 2a49ecc4ef5614a27b6057baee44a497, type: 3}
      propertyPath: m_SortingLayerID
      value: -1028000359
      objectReference: {fileID: 0}
    - target: {fileID: 21200002, guid: 2a49ecc4ef5614a27b6057baee44a497, type: 3}
      propertyPath: m_SortingLayer
      value: -4
      objectReference: {fileID: 0}
    - target: {fileID: 21200002, guid: 2a49ecc4ef5614a27b6057baee44a497, type: 3}
      propertyPath: m_SortingOrder
      value: 22
      objectReference: {fileID: 0}
    - target: {fileID: 21200004, guid: 2a49ecc4ef5614a27b6057baee44a497, type: 3}
      propertyPath: m_SortingLayerID
      value: -1028000359
      objectReference: {fileID: 0}
    - target: {fileID: 21200004, guid: 2a49ecc4ef5614a27b6057baee44a497, type: 3}
      propertyPath: m_SortingLayer
      value: -4
      objectReference: {fileID: 0}
    - target: {fileID: 21200004, guid: 2a49ecc4ef5614a27b6057baee44a497, type: 3}
      propertyPath: m_SortingOrder
      value: 21
      objectReference: {fileID: 0}
    m_RemovedComponents: []
  m_SourcePrefab: {fileID: 100100000, guid: 2a49ecc4ef5614a27b6057baee44a497, type: 3}
--- !u!1 &424233988 stripped
GameObject:
  m_CorrespondingSourceObject: {fileID: 100000, guid: 2a49ecc4ef5614a27b6057baee44a497,
    type: 3}
  m_PrefabInstance: {fileID: 424200868}
  m_PrefabAsset: {fileID: 0}
--- !u!4 &424595492 stripped
Transform:
  m_CorrespondingSourceObject: {fileID: 400000, guid: 2a49ecc4ef5614a27b6057baee44a497,
    type: 3}
  m_PrefabInstance: {fileID: 424200868}
  m_PrefabAsset: {fileID: 0}
--- !u!1001 &2059775888
PrefabInstance:
  m_ObjectHideFlags: 0
  serializedVersion: 2
  m_Modification:
    m_TransformParent: {fileID: 3266167376978221706}
    m_Modifications:
    - target: {fileID: 100000, guid: 7b4a31fce40932e4b88f4ed821ccb437, type: 3}
      propertyPath: m_Name
      value: priest_desert
      objectReference: {fileID: 0}
    - target: {fileID: 100010, guid: 7b4a31fce40932e4b88f4ed821ccb437, type: 3}
      propertyPath: m_IsActive
      value: 0
      objectReference: {fileID: 0}
    - target: {fileID: 400000, guid: 7b4a31fce40932e4b88f4ed821ccb437, type: 3}
      propertyPath: m_LocalPosition.x
      value: 7.87
      objectReference: {fileID: 0}
    - target: {fileID: 400000, guid: 7b4a31fce40932e4b88f4ed821ccb437, type: 3}
      propertyPath: m_LocalPosition.y
      value: 0.38
      objectReference: {fileID: 0}
    - target: {fileID: 400000, guid: 7b4a31fce40932e4b88f4ed821ccb437, type: 3}
      propertyPath: m_LocalPosition.z
      value: 0
      objectReference: {fileID: 0}
    - target: {fileID: 400000, guid: 7b4a31fce40932e4b88f4ed821ccb437, type: 3}
      propertyPath: m_LocalRotation.x
      value: 0
      objectReference: {fileID: 0}
    - target: {fileID: 400000, guid: 7b4a31fce40932e4b88f4ed821ccb437, type: 3}
      propertyPath: m_LocalRotation.y
      value: 0
      objectReference: {fileID: 0}
    - target: {fileID: 400000, guid: 7b4a31fce40932e4b88f4ed821ccb437, type: 3}
      propertyPath: m_LocalRotation.z
      value: 0
      objectReference: {fileID: 0}
    - target: {fileID: 400000, guid: 7b4a31fce40932e4b88f4ed821ccb437, type: 3}
      propertyPath: m_LocalRotation.w
      value: 1
      objectReference: {fileID: 0}
    - target: {fileID: 400000, guid: 7b4a31fce40932e4b88f4ed821ccb437, type: 3}
      propertyPath: m_RootOrder
      value: 4
      objectReference: {fileID: 0}
    - target: {fileID: 400000, guid: 7b4a31fce40932e4b88f4ed821ccb437, type: 3}
      propertyPath: m_LocalEulerAnglesHint.x
      value: 0
      objectReference: {fileID: 0}
    - target: {fileID: 400000, guid: 7b4a31fce40932e4b88f4ed821ccb437, type: 3}
      propertyPath: m_LocalEulerAnglesHint.y
      value: 0
      objectReference: {fileID: 0}
    - target: {fileID: 400000, guid: 7b4a31fce40932e4b88f4ed821ccb437, type: 3}
      propertyPath: m_LocalEulerAnglesHint.z
      value: 0
      objectReference: {fileID: 0}
    - target: {fileID: 400000, guid: 7b4a31fce40932e4b88f4ed821ccb437, type: 3}
      propertyPath: m_LocalScale.x
      value: 0.22
      objectReference: {fileID: 0}
    - target: {fileID: 400000, guid: 7b4a31fce40932e4b88f4ed821ccb437, type: 3}
      propertyPath: m_LocalScale.y
      value: 0.22
      objectReference: {fileID: 0}
    - target: {fileID: 400000, guid: 7b4a31fce40932e4b88f4ed821ccb437, type: 3}
      propertyPath: m_LocalScale.z
      value: 0.22
      objectReference: {fileID: 0}
    - target: {fileID: 21200000, guid: 7b4a31fce40932e4b88f4ed821ccb437, type: 3}
      propertyPath: m_SortingLayerID
      value: -1028000359
      objectReference: {fileID: 0}
    - target: {fileID: 21200000, guid: 7b4a31fce40932e4b88f4ed821ccb437, type: 3}
      propertyPath: m_SortingLayer
      value: -4
      objectReference: {fileID: 0}
    - target: {fileID: 21200000, guid: 7b4a31fce40932e4b88f4ed821ccb437, type: 3}
      propertyPath: m_SortingOrder
      value: 21
      objectReference: {fileID: 0}
    - target: {fileID: 21200002, guid: 7b4a31fce40932e4b88f4ed821ccb437, type: 3}
      propertyPath: m_SortingLayerID
      value: -1028000359
      objectReference: {fileID: 0}
    - target: {fileID: 21200002, guid: 7b4a31fce40932e4b88f4ed821ccb437, type: 3}
      propertyPath: m_SortingLayer
      value: -4
      objectReference: {fileID: 0}
    - target: {fileID: 21200002, guid: 7b4a31fce40932e4b88f4ed821ccb437, type: 3}
      propertyPath: m_SortingOrder
      value: 22
      objectReference: {fileID: 0}
    - target: {fileID: 21200004, guid: 7b4a31fce40932e4b88f4ed821ccb437, type: 3}
      propertyPath: m_SortingLayerID
      value: -1028000359
      objectReference: {fileID: 0}
    - target: {fileID: 21200004, guid: 7b4a31fce40932e4b88f4ed821ccb437, type: 3}
      propertyPath: m_SortingLayer
      value: -4
      objectReference: {fileID: 0}
    - target: {fileID: 21200004, guid: 7b4a31fce40932e4b88f4ed821ccb437, type: 3}
      propertyPath: m_SortingOrder
      value: 23
      objectReference: {fileID: 0}
    - target: {fileID: 21200006, guid: 7b4a31fce40932e4b88f4ed821ccb437, type: 3}
      propertyPath: m_SortingLayerID
      value: -1028000359
      objectReference: {fileID: 0}
    - target: {fileID: 21200006, guid: 7b4a31fce40932e4b88f4ed821ccb437, type: 3}
      propertyPath: m_SortingLayer
      value: -4
      objectReference: {fileID: 0}
    - target: {fileID: 21200006, guid: 7b4a31fce40932e4b88f4ed821ccb437, type: 3}
      propertyPath: m_SortingOrder
      value: 24
      objectReference: {fileID: 0}
    m_RemovedComponents: []
  m_SourcePrefab: {fileID: 100100000, guid: 7b4a31fce40932e4b88f4ed821ccb437, type: 3}
--- !u!1 &2059675952 stripped
GameObject:
  m_CorrespondingSourceObject: {fileID: 100000, guid: 7b4a31fce40932e4b88f4ed821ccb437,
    type: 3}
  m_PrefabInstance: {fileID: 2059775888}
  m_PrefabAsset: {fileID: 0}
--- !u!4 &2059646224 stripped
Transform:
  m_CorrespondingSourceObject: {fileID: 400000, guid: 7b4a31fce40932e4b88f4ed821ccb437,
    type: 3}
  m_PrefabInstance: {fileID: 2059775888}
  m_PrefabAsset: {fileID: 0}
