%YAML 1.1
%TAG !u! tag:unity3d.com,2011:
--- !u!29 &1
OcclusionCullingSettings:
  m_ObjectHideFlags: 0
  serializedVersion: 2
  m_OcclusionBakeSettings:
    smallestOccluder: 5
    smallestHole: 0.25
    backfaceThreshold: 100
  m_SceneGUID: 00000000000000000000000000000000
  m_OcclusionCullingData: {fileID: 0}
--- !u!104 &2
RenderSettings:
  m_ObjectHideFlags: 0
  serializedVersion: 9
  m_Fog: 0
  m_FogColor: {r: 0.5, g: 0.5, b: 0.5, a: 1}
  m_FogMode: 3
  m_FogDensity: 0.01
  m_LinearFogStart: 0
  m_LinearFogEnd: 300
  m_AmbientSkyColor: {r: 0.212, g: 0.227, b: 0.259, a: 1}
  m_AmbientEquatorColor: {r: 0.114, g: 0.125, b: 0.133, a: 1}
  m_AmbientGroundColor: {r: 0.047, g: 0.043, b: 0.035, a: 1}
  m_AmbientIntensity: 1
  m_AmbientMode: 3
  m_SubtractiveShadowColor: {r: 0.42, g: 0.478, b: 0.627, a: 1}
  m_SkyboxMaterial: {fileID: 0}
  m_HaloStrength: 0.5
  m_FlareStrength: 1
  m_FlareFadeSpeed: 3
  m_HaloTexture: {fileID: 0}
  m_SpotCookie: {fileID: 10001, guid: 0000000000000000e000000000000000, type: 0}
  m_DefaultReflectionMode: 0
  m_DefaultReflectionResolution: 128
  m_ReflectionBounces: 1
  m_ReflectionIntensity: 1
  m_CustomReflection: {fileID: 0}
  m_Sun: {fileID: 0}
  m_IndirectSpecularColor: {r: 0, g: 0, b: 0, a: 1}
  m_UseRadianceAmbientProbe: 0
--- !u!157 &3
LightmapSettings:
  m_ObjectHideFlags: 0
  serializedVersion: 11
  m_GIWorkflowMode: 1
  m_GISettings:
    serializedVersion: 2
    m_BounceScale: 1
    m_IndirectOutputScale: 1
    m_AlbedoBoost: 1
    m_EnvironmentLightingMode: 0
    m_EnableBakedLightmaps: 0
    m_EnableRealtimeLightmaps: 0
  m_LightmapEditorSettings:
    serializedVersion: 10
    m_Resolution: 2
    m_BakeResolution: 40
    m_AtlasSize: 1024
    m_AO: 0
    m_AOMaxDistance: 1
    m_CompAOExponent: 1
    m_CompAOExponentDirect: 0
    m_Padding: 2
    m_LightmapParameters: {fileID: 0}
    m_LightmapsBakeMode: 1
    m_TextureCompression: 1
    m_FinalGather: 0
    m_FinalGatherFiltering: 1
    m_FinalGatherRayCount: 256
    m_ReflectionCompression: 2
    m_MixedBakeMode: 2
    m_BakeBackend: 1
    m_PVRSampling: 1
    m_PVRDirectSampleCount: 32
    m_PVRSampleCount: 500
    m_PVRBounces: 2
    m_PVRFilterTypeDirect: 0
    m_PVRFilterTypeIndirect: 0
    m_PVRFilterTypeAO: 0
    m_PVRFilteringMode: 1
    m_PVRCulling: 1
    m_PVRFilteringGaussRadiusDirect: 1
    m_PVRFilteringGaussRadiusIndirect: 5
    m_PVRFilteringGaussRadiusAO: 2
    m_PVRFilteringAtrousPositionSigmaDirect: 0.5
    m_PVRFilteringAtrousPositionSigmaIndirect: 2
    m_PVRFilteringAtrousPositionSigmaAO: 1
    m_ShowResolutionOverlay: 1
  m_LightingDataAsset: {fileID: 0}
  m_UseShadowmask: 1
--- !u!196 &4
NavMeshSettings:
  serializedVersion: 2
  m_ObjectHideFlags: 0
  m_BuildSettings:
    serializedVersion: 2
    agentTypeID: 0
    agentRadius: 0.5
    agentHeight: 2
    agentSlope: 45
    agentClimb: 0.4
    ledgeDropHeight: 0
    maxJumpAcrossDistance: 0
    minRegionArea: 2
    manualCellSize: 0
    cellSize: 0.16666667
    manualTileSize: 0
    tileSize: 256
    accuratePlacement: 0
    debug:
      m_Flags: 0
  m_NavMeshData: {fileID: 0}
--- !u!20 &8831465 stripped
Camera:
  m_CorrespondingSourceObject: {fileID: 4142692683362163990, guid: a7415500be9e7ad46bf8d37ce9bcf3cd,
    type: 3}
  m_PrefabInstance: {fileID: 4142692683370962175}
  m_PrefabAsset: {fileID: 0}
--- !u!1 &306014485
GameObject:
  m_ObjectHideFlags: 0
  m_CorrespondingSourceObject: {fileID: 0}
  m_PrefabInstance: {fileID: 0}
  m_PrefabAsset: {fileID: 0}
  serializedVersion: 6
  m_Component:
  - component: {fileID: 306014486}
  m_Layer: 0
  m_Name: Effects
  m_TagString: Untagged
  m_Icon: {fileID: 0}
  m_NavMeshLayer: 0
  m_StaticEditorFlags: 0
  m_IsActive: 1
--- !u!4 &306014486
Transform:
  m_ObjectHideFlags: 0
  m_CorrespondingSourceObject: {fileID: 0}
  m_PrefabInstance: {fileID: 0}
  m_PrefabAsset: {fileID: 0}
  m_GameObject: {fileID: 306014485}
  m_LocalRotation: {x: 0, y: 0, z: 0, w: 1}
  m_LocalPosition: {x: -18.041664, y: 0, z: 0}
  m_LocalScale: {x: 1, y: 1, z: 1}
  m_Children: []
  m_Father: {fileID: 0}
  m_RootOrder: 2
  m_LocalEulerAnglesHint: {x: 0, y: 0, z: 0}
--- !u!1001 &381726310
PrefabInstance:
  m_ObjectHideFlags: 0
  serializedVersion: 2
  m_Modification:
    m_TransformParent: {fileID: 1580517481}
    m_Modifications:
    - target: {fileID: 8810204687477359475, guid: ecbdac5d9e6cf4547bab3b5de27e922d,
        type: 3}
      propertyPath: m_Name
      value: Pa_01_Movearea02
      objectReference: {fileID: 0}
    - target: {fileID: 955430701536023362, guid: ecbdac5d9e6cf4547bab3b5de27e922d,
        type: 3}
      propertyPath: m_LocalPosition.x
      value: -12.087914
      objectReference: {fileID: 0}
    - target: {fileID: 955430701536023362, guid: ecbdac5d9e6cf4547bab3b5de27e922d,
        type: 3}
      propertyPath: m_LocalPosition.y
      value: -5.4
      objectReference: {fileID: 0}
    - target: {fileID: 955430701536023362, guid: ecbdac5d9e6cf4547bab3b5de27e922d,
        type: 3}
      propertyPath: m_LocalPosition.z
      value: 0
      objectReference: {fileID: 0}
    - target: {fileID: 955430701536023362, guid: ecbdac5d9e6cf4547bab3b5de27e922d,
        type: 3}
      propertyPath: m_LocalRotation.x
      value: -0
      objectReference: {fileID: 0}
    - target: {fileID: 955430701536023362, guid: ecbdac5d9e6cf4547bab3b5de27e922d,
        type: 3}
      propertyPath: m_LocalRotation.y
      value: -0
      objectReference: {fileID: 0}
    - target: {fileID: 955430701536023362, guid: ecbdac5d9e6cf4547bab3b5de27e922d,
        type: 3}
      propertyPath: m_LocalRotation.z
      value: -0
      objectReference: {fileID: 0}
    - target: {fileID: 955430701536023362, guid: ecbdac5d9e6cf4547bab3b5de27e922d,
        type: 3}
      propertyPath: m_LocalRotation.w
      value: 1
      objectReference: {fileID: 0}
    - target: {fileID: 955430701536023362, guid: ecbdac5d9e6cf4547bab3b5de27e922d,
        type: 3}
      propertyPath: m_RootOrder
      value: 2
      objectReference: {fileID: 0}
    - target: {fileID: 955430701536023362, guid: ecbdac5d9e6cf4547bab3b5de27e922d,
        type: 3}
      propertyPath: m_LocalEulerAnglesHint.x
      value: 0
      objectReference: {fileID: 0}
    - target: {fileID: 955430701536023362, guid: ecbdac5d9e6cf4547bab3b5de27e922d,
        type: 3}
      propertyPath: m_LocalEulerAnglesHint.y
      value: 0
      objectReference: {fileID: 0}
    - target: {fileID: 955430701536023362, guid: ecbdac5d9e6cf4547bab3b5de27e922d,
        type: 3}
      propertyPath: m_LocalEulerAnglesHint.z
      value: 0
      objectReference: {fileID: 0}
    - target: {fileID: 955430701536023362, guid: ecbdac5d9e6cf4547bab3b5de27e922d,
        type: 3}
      propertyPath: m_LocalScale.x
      value: 0.78
      objectReference: {fileID: 0}
    - target: {fileID: 955430701536023362, guid: ecbdac5d9e6cf4547bab3b5de27e922d,
        type: 3}
      propertyPath: m_LocalScale.y
      value: 0.78
      objectReference: {fileID: 0}
    - target: {fileID: 955430701536023362, guid: ecbdac5d9e6cf4547bab3b5de27e922d,
        type: 3}
      propertyPath: m_LocalScale.z
      value: 0.78
      objectReference: {fileID: 0}
    - target: {fileID: 6526587870742777477, guid: ecbdac5d9e6cf4547bab3b5de27e922d,
        type: 3}
      propertyPath: m_SortingLayerID
      value: -1028000359
      objectReference: {fileID: 0}
    - target: {fileID: 6526587870742777477, guid: ecbdac5d9e6cf4547bab3b5de27e922d,
        type: 3}
      propertyPath: m_SortingLayer
      value: -4
      objectReference: {fileID: 0}
    - target: {fileID: 6526587870742777477, guid: ecbdac5d9e6cf4547bab3b5de27e922d,
        type: 3}
      propertyPath: m_SortingOrder
      value: 30
      objectReference: {fileID: 0}
    m_RemovedComponents: []
  m_SourcePrefab: {fileID: 100100000, guid: ecbdac5d9e6cf4547bab3b5de27e922d, type: 3}
--- !u!4 &381726311 stripped
Transform:
  m_CorrespondingSourceObject: {fileID: 955430701536023362, guid: ecbdac5d9e6cf4547bab3b5de27e922d,
    type: 3}
  m_PrefabInstance: {fileID: 381726310}
  m_PrefabAsset: {fileID: 0}
--- !u!1 &381726312 stripped
GameObject:
  m_CorrespondingSourceObject: {fileID: 8810204687477359475, guid: ecbdac5d9e6cf4547bab3b5de27e922d,
    type: 3}
  m_PrefabInstance: {fileID: 381726310}
  m_PrefabAsset: {fileID: 0}
--- !u!1 &398164934 stripped
GameObject:
  m_CorrespondingSourceObject: {fileID: 398164934, guid: 9bd262a930893e44a970591a306fd44d,
    type: 3}
  m_PrefabInstance: {fileID: 1637415647}
  m_PrefabAsset: {fileID: 0}
--- !u!114 &488373027 stripped
MonoBehaviour:
  m_CorrespondingSourceObject: {fileID: 2088960508, guid: 9bd262a930893e44a970591a306fd44d,
    type: 3}
  m_PrefabInstance: {fileID: 1637415647}
  m_PrefabAsset: {fileID: 0}
  m_GameObject: {fileID: 0}
  m_Enabled: 1
  m_EditorHideFlags: 0
  m_Script: {fileID: 11500000, guid: a84b917b5721214448dac76dc0466e7d, type: 3}
  m_Name: 
  m_EditorClassIdentifier: 
--- !u!1 &727659156
GameObject:
  m_ObjectHideFlags: 0
  m_CorrespondingSourceObject: {fileID: 0}
  m_PrefabInstance: {fileID: 0}
  m_PrefabAsset: {fileID: 0}
  serializedVersion: 6
  m_Component:
  - component: {fileID: 727659157}
  m_Layer: 0
  m_Name: EmptyForeground
  m_TagString: Untagged
  m_Icon: {fileID: 0}
  m_NavMeshLayer: 0
  m_StaticEditorFlags: 0
  m_IsActive: 1
--- !u!4 &727659157
Transform:
  m_ObjectHideFlags: 0
  m_CorrespondingSourceObject: {fileID: 0}
  m_PrefabInstance: {fileID: 0}
  m_PrefabAsset: {fileID: 0}
  m_GameObject: {fileID: 727659156}
  m_LocalRotation: {x: 0, y: 0, z: 0, w: 1}
  m_LocalPosition: {x: -18.041664, y: 0, z: 0}
  m_LocalScale: {x: 1, y: 1, z: 1}
  m_Children: []
  m_Father: {fileID: 1580517481}
  m_RootOrder: 5
  m_LocalEulerAnglesHint: {x: 0, y: 0, z: 0}
--- !u!1 &727947609
GameObject:
  m_ObjectHideFlags: 0
  m_CorrespondingSourceObject: {fileID: 0}
  m_PrefabInstance: {fileID: 0}
  m_PrefabAsset: {fileID: 0}
  serializedVersion: 6
  m_Component:
  - component: {fileID: 727947610}
  m_Layer: 0
  m_Name: Controlls
  m_TagString: Untagged
  m_Icon: {fileID: 0}
  m_NavMeshLayer: 0
  m_StaticEditorFlags: 0
  m_IsActive: 1
--- !u!4 &727947610
Transform:
  m_ObjectHideFlags: 0
  m_CorrespondingSourceObject: {fileID: 0}
  m_PrefabInstance: {fileID: 0}
  m_PrefabAsset: {fileID: 0}
  m_GameObject: {fileID: 727947609}
  m_LocalRotation: {x: 0, y: 0, z: 0, w: 1}
  m_LocalPosition: {x: 0, y: 0, z: 0}
  m_LocalScale: {x: 1, y: 1, z: 1}
  m_Children:
  - {fileID: 1528650343}
  - {fileID: 1717062670}
  m_Father: {fileID: 0}
  m_RootOrder: 3
  m_LocalEulerAnglesHint: {x: 0, y: 0, z: 0}
--- !u!1001 &1068710860
PrefabInstance:
  m_ObjectHideFlags: 0
  serializedVersion: 2
  m_Modification:
    m_TransformParent: {fileID: 1580517481}
    m_Modifications:
    - target: {fileID: 5801836477045522217, guid: 1cd470675f975a847b639b598ef65c49,
        type: 3}
      propertyPath: m_Name
      value: Pa_01_Background
      objectReference: {fileID: 0}
    - target: {fileID: 7130252223682538824, guid: 1cd470675f975a847b639b598ef65c49,
        type: 3}
      propertyPath: m_LocalPosition.x
      value: 0
      objectReference: {fileID: 0}
    - target: {fileID: 7130252223682538824, guid: 1cd470675f975a847b639b598ef65c49,
        type: 3}
      propertyPath: m_LocalPosition.y
      value: -5.4
      objectReference: {fileID: 0}
    - target: {fileID: 7130252223682538824, guid: 1cd470675f975a847b639b598ef65c49,
        type: 3}
      propertyPath: m_LocalPosition.z
      value: 0
      objectReference: {fileID: 0}
    - target: {fileID: 7130252223682538824, guid: 1cd470675f975a847b639b598ef65c49,
        type: 3}
      propertyPath: m_LocalRotation.x
      value: -0
      objectReference: {fileID: 0}
    - target: {fileID: 7130252223682538824, guid: 1cd470675f975a847b639b598ef65c49,
        type: 3}
      propertyPath: m_LocalRotation.y
      value: -0
      objectReference: {fileID: 0}
    - target: {fileID: 7130252223682538824, guid: 1cd470675f975a847b639b598ef65c49,
        type: 3}
      propertyPath: m_LocalRotation.z
      value: -0
      objectReference: {fileID: 0}
    - target: {fileID: 7130252223682538824, guid: 1cd470675f975a847b639b598ef65c49,
        type: 3}
      propertyPath: m_LocalRotation.w
      value: 1
      objectReference: {fileID: 0}
    - target: {fileID: 7130252223682538824, guid: 1cd470675f975a847b639b598ef65c49,
        type: 3}
      propertyPath: m_RootOrder
      value: 0
      objectReference: {fileID: 0}
    - target: {fileID: 7130252223682538824, guid: 1cd470675f975a847b639b598ef65c49,
        type: 3}
      propertyPath: m_LocalEulerAnglesHint.x
      value: 0
      objectReference: {fileID: 0}
    - target: {fileID: 7130252223682538824, guid: 1cd470675f975a847b639b598ef65c49,
        type: 3}
      propertyPath: m_LocalEulerAnglesHint.y
      value: 0
      objectReference: {fileID: 0}
    - target: {fileID: 7130252223682538824, guid: 1cd470675f975a847b639b598ef65c49,
        type: 3}
      propertyPath: m_LocalEulerAnglesHint.z
      value: 0
      objectReference: {fileID: 0}
    m_RemovedComponents: []
  m_SourcePrefab: {fileID: 100100000, guid: 1cd470675f975a847b639b598ef65c49, type: 3}
--- !u!4 &1068710861 stripped
Transform:
  m_CorrespondingSourceObject: {fileID: 7130252223682538824, guid: 1cd470675f975a847b639b598ef65c49,
    type: 3}
  m_PrefabInstance: {fileID: 1068710860}
  m_PrefabAsset: {fileID: 0}
--- !u!1001 &1528650342
PrefabInstance:
  m_ObjectHideFlags: 0
  serializedVersion: 2
  m_Modification:
    m_TransformParent: {fileID: 727947610}
    m_Modifications:
    - target: {fileID: 7043525645328492669, guid: 42a91176f7e05284c9b0474857ef4832,
        type: 3}
      propertyPath: m_Name
      value: ParallaxDepthController
      objectReference: {fileID: 0}
    - target: {fileID: 484412520129286516, guid: 42a91176f7e05284c9b0474857ef4832,
        type: 3}
      propertyPath: MovedLayersWithIncreasingDepth.Array.size
      value: 4
      objectReference: {fileID: 0}
    - target: {fileID: 484412520129286516, guid: 42a91176f7e05284c9b0474857ef4832,
        type: 3}
      propertyPath: m_Enabled
      value: 1
      objectReference: {fileID: 0}
    - target: {fileID: 484412520129286516, guid: 42a91176f7e05284c9b0474857ef4832,
        type: 3}
      propertyPath: MovedLayersWithIncreasingDepth.Array.data[0]
      value: 
      objectReference: {fileID: 1637415649}
    - target: {fileID: 484412520129286516, guid: 42a91176f7e05284c9b0474857ef4832,
        type: 3}
      propertyPath: MovedLayersWithIncreasingDepth.Array.data[1]
      value: 
      objectReference: {fileID: 381726312}
    - target: {fileID: 484412520129286516, guid: 42a91176f7e05284c9b0474857ef4832,
        type: 3}
      propertyPath: MovedLayersWithIncreasingDepth.Array.data[2]
      value: 
      objectReference: {fileID: 1928160754}
    - target: {fileID: 484412520129286516, guid: 42a91176f7e05284c9b0474857ef4832,
        type: 3}
      propertyPath: MovedLayersWithIncreasingDepth.Array.data[3]
      value: 
      objectReference: {fileID: 1829714006}
    - target: {fileID: 484412520129286516, guid: 42a91176f7e05284c9b0474857ef4832,
        type: 3}
      propertyPath: Foreground
      value: 
      objectReference: {fileID: 727659156}
    - target: {fileID: 484412520129286516, guid: 42a91176f7e05284c9b0474857ef4832,
        type: 3}
      propertyPath: Player
      value: 
      objectReference: {fileID: 2084408718}
    - target: {fileID: 484412520129286516, guid: 42a91176f7e05284c9b0474857ef4832,
        type: 3}
      propertyPath: MaxPlayerLayer
      value: 0
      objectReference: {fileID: 0}
    - target: {fileID: 484412520129286516, guid: 42a91176f7e05284c9b0474857ef4832,
        type: 3}
      propertyPath: ScaleSlope
      value: -0.22
      objectReference: {fileID: 0}
    - target: {fileID: 484412520129286516, guid: 42a91176f7e05284c9b0474857ef4832,
        type: 3}
      propertyPath: PlayerX
      value: 0.94
      objectReference: {fileID: 0}
    - target: {fileID: 484412520129286516, guid: 42a91176f7e05284c9b0474857ef4832,
        type: 3}
      propertyPath: Effects
      value: 
      objectReference: {fileID: 306014485}
    - target: {fileID: 484412520129286516, guid: 42a91176f7e05284c9b0474857ef4832,
        type: 3}
      propertyPath: PlayerLayer
      value: 0
      objectReference: {fileID: 0}
    - target: {fileID: 9082249805766452532, guid: 42a91176f7e05284c9b0474857ef4832,
        type: 3}
      propertyPath: m_LocalPosition.x
      value: 0
      objectReference: {fileID: 0}
    - target: {fileID: 9082249805766452532, guid: 42a91176f7e05284c9b0474857ef4832,
        type: 3}
      propertyPath: m_LocalPosition.y
      value: 0
      objectReference: {fileID: 0}
    - target: {fileID: 9082249805766452532, guid: 42a91176f7e05284c9b0474857ef4832,
        type: 3}
      propertyPath: m_LocalPosition.z
      value: 0
      objectReference: {fileID: 0}
    - target: {fileID: 9082249805766452532, guid: 42a91176f7e05284c9b0474857ef4832,
        type: 3}
      propertyPath: m_LocalRotation.x
      value: 0
      objectReference: {fileID: 0}
    - target: {fileID: 9082249805766452532, guid: 42a91176f7e05284c9b0474857ef4832,
        type: 3}
      propertyPath: m_LocalRotation.y
      value: 0
      objectReference: {fileID: 0}
    - target: {fileID: 9082249805766452532, guid: 42a91176f7e05284c9b0474857ef4832,
        type: 3}
      propertyPath: m_LocalRotation.z
      value: 0
      objectReference: {fileID: 0}
    - target: {fileID: 9082249805766452532, guid: 42a91176f7e05284c9b0474857ef4832,
        type: 3}
      propertyPath: m_LocalRotation.w
      value: 1
      objectReference: {fileID: 0}
    - target: {fileID: 9082249805766452532, guid: 42a91176f7e05284c9b0474857ef4832,
        type: 3}
      propertyPath: m_RootOrder
      value: 0
      objectReference: {fileID: 0}
    - target: {fileID: 9082249805766452532, guid: 42a91176f7e05284c9b0474857ef4832,
        type: 3}
      propertyPath: m_LocalEulerAnglesHint.x
      value: 0
      objectReference: {fileID: 0}
    - target: {fileID: 9082249805766452532, guid: 42a91176f7e05284c9b0474857ef4832,
        type: 3}
      propertyPath: m_LocalEulerAnglesHint.y
      value: 0
      objectReference: {fileID: 0}
    - target: {fileID: 9082249805766452532, guid: 42a91176f7e05284c9b0474857ef4832,
        type: 3}
      propertyPath: m_LocalEulerAnglesHint.z
      value: 0
      objectReference: {fileID: 0}
    m_RemovedComponents: []
  m_SourcePrefab: {fileID: 100100000, guid: 42a91176f7e05284c9b0474857ef4832, type: 3}
--- !u!4 &1528650343 stripped
Transform:
  m_CorrespondingSourceObject: {fileID: 9082249805766452532, guid: 42a91176f7e05284c9b0474857ef4832,
    type: 3}
  m_PrefabInstance: {fileID: 1528650342}
  m_PrefabAsset: {fileID: 0}
--- !u!1 &1528650344 stripped
GameObject:
  m_CorrespondingSourceObject: {fileID: 7043525645328492669, guid: 42a91176f7e05284c9b0474857ef4832,
    type: 3}
  m_PrefabInstance: {fileID: 1528650342}
  m_PrefabAsset: {fileID: 0}
--- !u!114 &1528650345
MonoBehaviour:
  m_ObjectHideFlags: 0
  m_CorrespondingSourceObject: {fileID: 0}
  m_PrefabInstance: {fileID: 0}
  m_PrefabAsset: {fileID: 0}
  m_GameObject: {fileID: 1528650344}
  m_Enabled: 1
  m_EditorHideFlags: 0
  m_Script: {fileID: 11500000, guid: e20dc4c2acaf4111ac60fe2482c31b56, type: 3}
  m_Name: 
  m_EditorClassIdentifier: 
  PlayerX: -1
  XDiff: 0.03
  PlayerLayer: 0
--- !u!114 &1528650346
MonoBehaviour:
  m_ObjectHideFlags: 0
  m_CorrespondingSourceObject: {fileID: 0}
  m_PrefabInstance: {fileID: 0}
  m_PrefabAsset: {fileID: 0}
  m_GameObject: {fileID: 1528650344}
  m_Enabled: 1
  m_EditorHideFlags: 0
  m_Script: {fileID: 11500000, guid: 9d44b150b2f640188e52f276bd0d9623, type: 3}
  m_Name: 
  m_EditorClassIdentifier: 
  PlayerX: -0.11
  XDiff: 0.03
  PlayerLayer: 0
  NotYetAllowedText: "Komm zur\xFCck, sobald du dich mit den Welten auseinandergesetzt
    hast"
  Options: {fileID: 398164934}
  PlayerXWhileChoosing: 0.11
  CancelWith: 27
  GotoTonneEndingDelay: 10
  SpeechBubble: {fileID: 488373027}
  ChoiceAvailable: Wie hast du dich entschieden?
  NoChoiceClip: {fileID: 8300000, guid: f4e595a4ba6df774faaf23f9a886a8f6, type: 3}
  NoChoice: Wie? Du hast keine Scheine?
--- !u!114 &1528650347
MonoBehaviour:
  m_ObjectHideFlags: 0
  m_CorrespondingSourceObject: {fileID: 0}
  m_PrefabInstance: {fileID: 0}
  m_PrefabAsset: {fileID: 0}
  m_GameObject: {fileID: 1528650344}
  m_Enabled: 1
  m_EditorHideFlags: 0
  m_Script: {fileID: 11500000, guid: 7e00b189ab5c430bb0021e7d63bdecc1, type: 3}
  m_Name: 
  m_EditorClassIdentifier: 
  PlayerX: 0.94
  PlayerLayer: 0
  WalkingDirection: 1
--- !u!114 &1528650348
MonoBehaviour:
  m_ObjectHideFlags: 0
  m_CorrespondingSourceObject: {fileID: 0}
  m_PrefabInstance: {fileID: 0}
  m_PrefabAsset: {fileID: 0}
  m_GameObject: {fileID: 1528650344}
  m_Enabled: 1
  m_EditorHideFlags: 0
  m_Script: {fileID: 11500000, guid: 9ac229173f55463fa1ca03cb428b917c, type: 3}
  m_Name: 
  m_EditorClassIdentifier: 
  PlayerX: 0.19
  WelcomeClip: {fileID: 8300000, guid: 8a9c11f79cb8f784bbc23d5f4eb88a40, type: 3}
  Aufseher: {fileID: 1800896155}
  AnimationName: aufseher_losgehts
--- !u!1 &1580517480
GameObject:
  m_ObjectHideFlags: 0
  m_CorrespondingSourceObject: {fileID: 0}
  m_PrefabInstance: {fileID: 0}
  m_PrefabAsset: {fileID: 0}
  serializedVersion: 6
  m_Component:
  - component: {fileID: 1580517481}
  m_Layer: 0
  m_Name: 'Environment '
  m_TagString: Untagged
  m_Icon: {fileID: 0}
  m_NavMeshLayer: 0
  m_StaticEditorFlags: 0
  m_IsActive: 1
--- !u!4 &1580517481
Transform:
  m_ObjectHideFlags: 0
  m_CorrespondingSourceObject: {fileID: 0}
  m_PrefabInstance: {fileID: 0}
  m_PrefabAsset: {fileID: 0}
  m_GameObject: {fileID: 1580517480}
  m_LocalRotation: {x: 0, y: 0, z: 0, w: 1}
  m_LocalPosition: {x: 0, y: 0, z: 0}
  m_LocalScale: {x: 1, y: 1, z: 1}
  m_Children:
  - {fileID: 1068710861}
  - {fileID: 1637415648}
  - {fileID: 381726311}
  - {fileID: 1928160753}
  - {fileID: 1829714005}
  - {fileID: 727659157}
  m_Father: {fileID: 0}
  m_RootOrder: 1
  m_LocalEulerAnglesHint: {x: 0, y: 0, z: 0}
--- !u!1001 &1637415647
PrefabInstance:
  m_ObjectHideFlags: 0
  serializedVersion: 2
  m_Modification:
    m_TransformParent: {fileID: 1580517481}
    m_Modifications:
    - target: {fileID: 2260144633880531213, guid: 9bd262a930893e44a970591a306fd44d,
        type: 3}
      propertyPath: m_Name
      value: Pa_01_Movearea01
      objectReference: {fileID: 0}
    - target: {fileID: 2260144633880531212, guid: 9bd262a930893e44a970591a306fd44d,
        type: 3}
      propertyPath: m_LocalPosition.x
      value: -18.041664
      objectReference: {fileID: 0}
    - target: {fileID: 2260144633880531212, guid: 9bd262a930893e44a970591a306fd44d,
        type: 3}
      propertyPath: m_LocalPosition.y
      value: -5.4
      objectReference: {fileID: 0}
    - target: {fileID: 2260144633880531212, guid: 9bd262a930893e44a970591a306fd44d,
        type: 3}
      propertyPath: m_LocalPosition.z
      value: 0
      objectReference: {fileID: 0}
    - target: {fileID: 2260144633880531212, guid: 9bd262a930893e44a970591a306fd44d,
        type: 3}
      propertyPath: m_LocalRotation.x
      value: -0
      objectReference: {fileID: 0}
    - target: {fileID: 2260144633880531212, guid: 9bd262a930893e44a970591a306fd44d,
        type: 3}
      propertyPath: m_LocalRotation.y
      value: -0
      objectReference: {fileID: 0}
    - target: {fileID: 2260144633880531212, guid: 9bd262a930893e44a970591a306fd44d,
        type: 3}
      propertyPath: m_LocalRotation.z
      value: -0
      objectReference: {fileID: 0}
    - target: {fileID: 2260144633880531212, guid: 9bd262a930893e44a970591a306fd44d,
        type: 3}
      propertyPath: m_LocalRotation.w
      value: 1
      objectReference: {fileID: 0}
    - target: {fileID: 2260144633880531212, guid: 9bd262a930893e44a970591a306fd44d,
        type: 3}
      propertyPath: m_RootOrder
      value: 1
      objectReference: {fileID: 0}
    - target: {fileID: 2260144633880531212, guid: 9bd262a930893e44a970591a306fd44d,
        type: 3}
      propertyPath: m_LocalEulerAnglesHint.x
      value: 0
      objectReference: {fileID: 0}
    - target: {fileID: 2260144633880531212, guid: 9bd262a930893e44a970591a306fd44d,
        type: 3}
      propertyPath: m_LocalEulerAnglesHint.y
      value: 0
      objectReference: {fileID: 0}
    - target: {fileID: 2260144633880531212, guid: 9bd262a930893e44a970591a306fd44d,
        type: 3}
      propertyPath: m_LocalEulerAnglesHint.z
      value: 0
      objectReference: {fileID: 0}
    - target: {fileID: 2068119703, guid: 9bd262a930893e44a970591a306fd44d, type: 3}
      propertyPath: m_Size.y
      value: 1.8
      objectReference: {fileID: 0}
    - target: {fileID: 2068119703, guid: 9bd262a930893e44a970591a306fd44d, type: 3}
      propertyPath: m_Offset.y
      value: -0.2
      objectReference: {fileID: 0}
    - target: {fileID: 1312559259, guid: 9bd262a930893e44a970591a306fd44d, type: 3}
      propertyPath: m_Size.y
      value: 1.8
      objectReference: {fileID: 0}
    - target: {fileID: 1312559259, guid: 9bd262a930893e44a970591a306fd44d, type: 3}
      propertyPath: m_Offset.y
      value: -0.2
      objectReference: {fileID: 0}
    - target: {fileID: 627274989, guid: 9bd262a930893e44a970591a306fd44d, type: 3}
      propertyPath: m_Size.y
      value: 1.8
      objectReference: {fileID: 0}
    - target: {fileID: 627274989, guid: 9bd262a930893e44a970591a306fd44d, type: 3}
      propertyPath: m_Offset.y
      value: -0.2
      objectReference: {fileID: 0}
    - target: {fileID: 2381441609706864925, guid: 9bd262a930893e44a970591a306fd44d,
        type: 3}
      propertyPath: m_Volume
      value: 1
      objectReference: {fileID: 0}
    - target: {fileID: 2068119700, guid: 9bd262a930893e44a970591a306fd44d, type: 3}
      propertyPath: m_LocalPosition.x
      value: 0.863
      objectReference: {fileID: 0}
    - target: {fileID: 316725943, guid: 9bd262a930893e44a970591a306fd44d, type: 3}
      propertyPath: m_LocalPosition.x
      value: 0.863
      objectReference: {fileID: 0}
    - target: {fileID: 627274986, guid: 9bd262a930893e44a970591a306fd44d, type: 3}
      propertyPath: m_LocalPosition.x
      value: -0.7970002
      objectReference: {fileID: 0}
    - target: {fileID: 1408425629, guid: 9bd262a930893e44a970591a306fd44d, type: 3}
      propertyPath: m_LocalPosition.x
      value: -0.7970002
      objectReference: {fileID: 0}
    - target: {fileID: 238588234, guid: 9bd262a930893e44a970591a306fd44d, type: 3}
      propertyPath: m_LocalPosition.x
      value: -0.214
      objectReference: {fileID: 0}
    - target: {fileID: 244049070, guid: 9bd262a930893e44a970591a306fd44d, type: 3}
      propertyPath: m_LocalPosition.x
      value: -0.331
      objectReference: {fileID: 0}
    m_RemovedComponents: []
  m_SourcePrefab: {fileID: 100100000, guid: 9bd262a930893e44a970591a306fd44d, type: 3}
--- !u!4 &1637415648 stripped
Transform:
  m_CorrespondingSourceObject: {fileID: 2260144633880531212, guid: 9bd262a930893e44a970591a306fd44d,
    type: 3}
  m_PrefabInstance: {fileID: 1637415647}
  m_PrefabAsset: {fileID: 0}
--- !u!1 &1637415649 stripped
GameObject:
  m_CorrespondingSourceObject: {fileID: 2260144633880531213, guid: 9bd262a930893e44a970591a306fd44d,
    type: 3}
  m_PrefabInstance: {fileID: 1637415647}
  m_PrefabAsset: {fileID: 0}
--- !u!1001 &1717062669
PrefabInstance:
  m_ObjectHideFlags: 0
  serializedVersion: 2
  m_Modification:
    m_TransformParent: {fileID: 727947610}
    m_Modifications:
    - target: {fileID: 4194637315267332031, guid: 8fb67f0c4d6684a45a75713059297dcb,
        type: 3}
      propertyPath: m_Name
      value: SetupAndUI
      objectReference: {fileID: 0}
    - target: {fileID: 2995396616611012510, guid: 8fb67f0c4d6684a45a75713059297dcb,
        type: 3}
      propertyPath: m_LocalPosition.x
      value: 0
      objectReference: {fileID: 0}
    - target: {fileID: 2995396616611012510, guid: 8fb67f0c4d6684a45a75713059297dcb,
        type: 3}
      propertyPath: m_LocalPosition.y
      value: 0
      objectReference: {fileID: 0}
    - target: {fileID: 2995396616611012510, guid: 8fb67f0c4d6684a45a75713059297dcb,
        type: 3}
      propertyPath: m_LocalPosition.z
      value: 0
      objectReference: {fileID: 0}
    - target: {fileID: 2995396616611012510, guid: 8fb67f0c4d6684a45a75713059297dcb,
        type: 3}
      propertyPath: m_LocalRotation.x
      value: -0
      objectReference: {fileID: 0}
    - target: {fileID: 2995396616611012510, guid: 8fb67f0c4d6684a45a75713059297dcb,
        type: 3}
      propertyPath: m_LocalRotation.y
      value: -0
      objectReference: {fileID: 0}
    - target: {fileID: 2995396616611012510, guid: 8fb67f0c4d6684a45a75713059297dcb,
        type: 3}
      propertyPath: m_LocalRotation.z
      value: -0
      objectReference: {fileID: 0}
    - target: {fileID: 2995396616611012510, guid: 8fb67f0c4d6684a45a75713059297dcb,
        type: 3}
      propertyPath: m_LocalRotation.w
      value: 1
      objectReference: {fileID: 0}
    - target: {fileID: 2995396616611012510, guid: 8fb67f0c4d6684a45a75713059297dcb,
        type: 3}
      propertyPath: m_RootOrder
      value: 1
      objectReference: {fileID: 0}
    - target: {fileID: 2995396616611012510, guid: 8fb67f0c4d6684a45a75713059297dcb,
        type: 3}
      propertyPath: m_LocalEulerAnglesHint.x
      value: 0
      objectReference: {fileID: 0}
    - target: {fileID: 2995396616611012510, guid: 8fb67f0c4d6684a45a75713059297dcb,
        type: 3}
      propertyPath: m_LocalEulerAnglesHint.y
      value: 0
      objectReference: {fileID: 0}
    - target: {fileID: 2995396616611012510, guid: 8fb67f0c4d6684a45a75713059297dcb,
        type: 3}
      propertyPath: m_LocalEulerAnglesHint.z
      value: 0
      objectReference: {fileID: 0}
    - target: {fileID: 2995396616611012510, guid: 8fb67f0c4d6684a45a75713059297dcb,
        type: 3}
      propertyPath: m_AnchoredPosition.x
      value: 0
      objectReference: {fileID: 0}
    - target: {fileID: 2995396616611012510, guid: 8fb67f0c4d6684a45a75713059297dcb,
        type: 3}
      propertyPath: m_AnchoredPosition.y
      value: 0
      objectReference: {fileID: 0}
    - target: {fileID: 2995396616611012510, guid: 8fb67f0c4d6684a45a75713059297dcb,
        type: 3}
      propertyPath: m_SizeDelta.x
      value: 19.2
      objectReference: {fileID: 0}
    - target: {fileID: 2995396616611012510, guid: 8fb67f0c4d6684a45a75713059297dcb,
        type: 3}
      propertyPath: m_SizeDelta.y
      value: 10.8
      objectReference: {fileID: 0}
    - target: {fileID: 2995396616611012510, guid: 8fb67f0c4d6684a45a75713059297dcb,
        type: 3}
      propertyPath: m_AnchorMin.x
      value: 0
      objectReference: {fileID: 0}
    - target: {fileID: 2995396616611012510, guid: 8fb67f0c4d6684a45a75713059297dcb,
        type: 3}
      propertyPath: m_AnchorMin.y
      value: 0
      objectReference: {fileID: 0}
    - target: {fileID: 2995396616611012510, guid: 8fb67f0c4d6684a45a75713059297dcb,
        type: 3}
      propertyPath: m_AnchorMax.x
      value: 1
      objectReference: {fileID: 0}
    - target: {fileID: 2995396616611012510, guid: 8fb67f0c4d6684a45a75713059297dcb,
        type: 3}
      propertyPath: m_AnchorMax.y
      value: 1
      objectReference: {fileID: 0}
    - target: {fileID: 2995396616611012510, guid: 8fb67f0c4d6684a45a75713059297dcb,
        type: 3}
      propertyPath: m_Pivot.x
      value: 0.5
      objectReference: {fileID: 0}
    - target: {fileID: 2995396616611012510, guid: 8fb67f0c4d6684a45a75713059297dcb,
        type: 3}
      propertyPath: m_Pivot.y
      value: 0.5
      objectReference: {fileID: 0}
    - target: {fileID: 8181070011436506612, guid: 8fb67f0c4d6684a45a75713059297dcb,
        type: 3}
      propertyPath: m_Camera
      value: 
      objectReference: {fileID: 8831465}
    - target: {fileID: 8758313294539105577, guid: 8fb67f0c4d6684a45a75713059297dcb,
        type: 3}
      propertyPath: PlayWelcomeClip
      value: 0
      objectReference: {fileID: 0}
    - target: {fileID: 8758313294539105577, guid: 8fb67f0c4d6684a45a75713059297dcb,
        type: 3}
      propertyPath: SoundScape
      value: 0
      objectReference: {fileID: 0}
    m_RemovedComponents: []
  m_SourcePrefab: {fileID: 100100000, guid: 8fb67f0c4d6684a45a75713059297dcb, type: 3}
--- !u!224 &1717062670 stripped
RectTransform:
  m_CorrespondingSourceObject: {fileID: 2995396616611012510, guid: 8fb67f0c4d6684a45a75713059297dcb,
    type: 3}
  m_PrefabInstance: {fileID: 1717062669}
  m_PrefabAsset: {fileID: 0}
--- !u!95 &1800896155 stripped
Animator:
  m_CorrespondingSourceObject: {fileID: 1800896155, guid: 9bd262a930893e44a970591a306fd44d,
    type: 3}
  m_PrefabInstance: {fileID: 1637415647}
  m_PrefabAsset: {fileID: 0}
--- !u!1001 &1829714004
PrefabInstance:
  m_ObjectHideFlags: 0
  serializedVersion: 2
  m_Modification:
    m_TransformParent: {fileID: 1580517481}
    m_Modifications:
    - target: {fileID: 4276938795477587786, guid: b38c3435c2691164c98f4abfb7960c0a,
        type: 3}
      propertyPath: m_Name
      value: Pa_01_Movearea04
      objectReference: {fileID: 0}
    - target: {fileID: 5842237129467846900, guid: b38c3435c2691164c98f4abfb7960c0a,
        type: 3}
      propertyPath: m_LocalPosition.x
      value: -0.18041673
      objectReference: {fileID: 0}
    - target: {fileID: 5842237129467846900, guid: b38c3435c2691164c98f4abfb7960c0a,
        type: 3}
      propertyPath: m_LocalPosition.y
      value: -5.4
      objectReference: {fileID: 0}
    - target: {fileID: 5842237129467846900, guid: b38c3435c2691164c98f4abfb7960c0a,
        type: 3}
      propertyPath: m_LocalPosition.z
      value: 0
      objectReference: {fileID: 0}
    - target: {fileID: 5842237129467846900, guid: b38c3435c2691164c98f4abfb7960c0a,
        type: 3}
      propertyPath: m_LocalRotation.x
      value: -0
      objectReference: {fileID: 0}
    - target: {fileID: 5842237129467846900, guid: b38c3435c2691164c98f4abfb7960c0a,
        type: 3}
      propertyPath: m_LocalRotation.y
      value: -0
      objectReference: {fileID: 0}
    - target: {fileID: 5842237129467846900, guid: b38c3435c2691164c98f4abfb7960c0a,
        type: 3}
      propertyPath: m_LocalRotation.z
      value: -0
      objectReference: {fileID: 0}
    - target: {fileID: 5842237129467846900, guid: b38c3435c2691164c98f4abfb7960c0a,
        type: 3}
      propertyPath: m_LocalRotation.w
      value: 1
      objectReference: {fileID: 0}
    - target: {fileID: 5842237129467846900, guid: b38c3435c2691164c98f4abfb7960c0a,
        type: 3}
      propertyPath: m_RootOrder
      value: 4
      objectReference: {fileID: 0}
    - target: {fileID: 5842237129467846900, guid: b38c3435c2691164c98f4abfb7960c0a,
        type: 3}
      propertyPath: m_LocalEulerAnglesHint.x
      value: 0
      objectReference: {fileID: 0}
    - target: {fileID: 5842237129467846900, guid: b38c3435c2691164c98f4abfb7960c0a,
        type: 3}
      propertyPath: m_LocalEulerAnglesHint.y
      value: 0
      objectReference: {fileID: 0}
    - target: {fileID: 5842237129467846900, guid: b38c3435c2691164c98f4abfb7960c0a,
        type: 3}
      propertyPath: m_LocalEulerAnglesHint.z
      value: 0
      objectReference: {fileID: 0}
    - target: {fileID: 5842237129467846900, guid: b38c3435c2691164c98f4abfb7960c0a,
        type: 3}
      propertyPath: m_LocalScale.x
      value: 0.34
      objectReference: {fileID: 0}
    - target: {fileID: 5842237129467846900, guid: b38c3435c2691164c98f4abfb7960c0a,
        type: 3}
      propertyPath: m_LocalScale.y
      value: 0.34
      objectReference: {fileID: 0}
    - target: {fileID: 5842237129467846900, guid: b38c3435c2691164c98f4abfb7960c0a,
        type: 3}
      propertyPath: m_LocalScale.z
      value: 0.34
      objectReference: {fileID: 0}
    - target: {fileID: 4311750927937782615, guid: b38c3435c2691164c98f4abfb7960c0a,
        type: 3}
      propertyPath: m_SortingLayerID
      value: -1028000359
      objectReference: {fileID: 0}
    - target: {fileID: 4311750927937782615, guid: b38c3435c2691164c98f4abfb7960c0a,
        type: 3}
      propertyPath: m_SortingLayer
      value: -4
      objectReference: {fileID: 0}
    - target: {fileID: 4311750927937782615, guid: b38c3435c2691164c98f4abfb7960c0a,
        type: 3}
      propertyPath: m_SortingOrder
      value: 10
      objectReference: {fileID: 0}
    m_RemovedComponents: []
  m_SourcePrefab: {fileID: 100100000, guid: b38c3435c2691164c98f4abfb7960c0a, type: 3}
--- !u!4 &1829714005 stripped
Transform:
  m_CorrespondingSourceObject: {fileID: 5842237129467846900, guid: b38c3435c2691164c98f4abfb7960c0a,
    type: 3}
  m_PrefabInstance: {fileID: 1829714004}
  m_PrefabAsset: {fileID: 0}
--- !u!1 &1829714006 stripped
GameObject:
  m_CorrespondingSourceObject: {fileID: 4276938795477587786, guid: b38c3435c2691164c98f4abfb7960c0a,
    type: 3}
  m_PrefabInstance: {fileID: 1829714004}
  m_PrefabAsset: {fileID: 0}
--- !u!1001 &1928160752
PrefabInstance:
  m_ObjectHideFlags: 0
  serializedVersion: 2
  m_Modification:
    m_TransformParent: {fileID: 1580517481}
    m_Modifications:
    - target: {fileID: 8511999473004573088, guid: 97273a69f53924241a92a845eb2ffe00,
        type: 3}
      propertyPath: m_Name
      value: Pa_01_Movearea03
      objectReference: {fileID: 0}
    - target: {fileID: 4525996227847332908, guid: 97273a69f53924241a92a845eb2ffe00,
        type: 3}
      propertyPath: m_LocalPosition.x
      value: -6.134166
      objectReference: {fileID: 0}
    - target: {fileID: 4525996227847332908, guid: 97273a69f53924241a92a845eb2ffe00,
        type: 3}
      propertyPath: m_LocalPosition.y
      value: -5.4
      objectReference: {fileID: 0}
    - target: {fileID: 4525996227847332908, guid: 97273a69f53924241a92a845eb2ffe00,
        type: 3}
      propertyPath: m_LocalPosition.z
      value: 0
      objectReference: {fileID: 0}
    - target: {fileID: 4525996227847332908, guid: 97273a69f53924241a92a845eb2ffe00,
        type: 3}
      propertyPath: m_LocalRotation.x
      value: -0
      objectReference: {fileID: 0}
    - target: {fileID: 4525996227847332908, guid: 97273a69f53924241a92a845eb2ffe00,
        type: 3}
      propertyPath: m_LocalRotation.y
      value: -0
      objectReference: {fileID: 0}
    - target: {fileID: 4525996227847332908, guid: 97273a69f53924241a92a845eb2ffe00,
        type: 3}
      propertyPath: m_LocalRotation.z
      value: -0
      objectReference: {fileID: 0}
    - target: {fileID: 4525996227847332908, guid: 97273a69f53924241a92a845eb2ffe00,
        type: 3}
      propertyPath: m_LocalRotation.w
      value: 1
      objectReference: {fileID: 0}
    - target: {fileID: 4525996227847332908, guid: 97273a69f53924241a92a845eb2ffe00,
        type: 3}
      propertyPath: m_RootOrder
      value: 3
      objectReference: {fileID: 0}
    - target: {fileID: 4525996227847332908, guid: 97273a69f53924241a92a845eb2ffe00,
        type: 3}
      propertyPath: m_LocalEulerAnglesHint.x
      value: 0
      objectReference: {fileID: 0}
    - target: {fileID: 4525996227847332908, guid: 97273a69f53924241a92a845eb2ffe00,
        type: 3}
      propertyPath: m_LocalEulerAnglesHint.y
      value: 0
      objectReference: {fileID: 0}
    - target: {fileID: 4525996227847332908, guid: 97273a69f53924241a92a845eb2ffe00,
        type: 3}
      propertyPath: m_LocalEulerAnglesHint.z
      value: 0
      objectReference: {fileID: 0}
    - target: {fileID: 4525996227847332908, guid: 97273a69f53924241a92a845eb2ffe00,
        type: 3}
      propertyPath: m_LocalScale.x
      value: 0.56
      objectReference: {fileID: 0}
    - target: {fileID: 4525996227847332908, guid: 97273a69f53924241a92a845eb2ffe00,
        type: 3}
      propertyPath: m_LocalScale.y
      value: 0.56
      objectReference: {fileID: 0}
    - target: {fileID: 4525996227847332908, guid: 97273a69f53924241a92a845eb2ffe00,
        type: 3}
      propertyPath: m_LocalScale.z
      value: 0.56
      objectReference: {fileID: 0}
    - target: {fileID: 5610323459631825702, guid: 97273a69f53924241a92a845eb2ffe00,
        type: 3}
      propertyPath: m_SortingLayerID
      value: -1028000359
      objectReference: {fileID: 0}
    - target: {fileID: 5610323459631825702, guid: 97273a69f53924241a92a845eb2ffe00,
        type: 3}
      propertyPath: m_SortingLayer
      value: -4
      objectReference: {fileID: 0}
    - target: {fileID: 5610323459631825702, guid: 97273a69f53924241a92a845eb2ffe00,
        type: 3}
      propertyPath: m_SortingOrder
      value: 20
      objectReference: {fileID: 0}
    m_RemovedComponents: []
  m_SourcePrefab: {fileID: 100100000, guid: 97273a69f53924241a92a845eb2ffe00, type: 3}
--- !u!4 &1928160753 stripped
Transform:
  m_CorrespondingSourceObject: {fileID: 4525996227847332908, guid: 97273a69f53924241a92a845eb2ffe00,
    type: 3}
  m_PrefabInstance: {fileID: 1928160752}
  m_PrefabAsset: {fileID: 0}
--- !u!1 &1928160754 stripped
GameObject:
  m_CorrespondingSourceObject: {fileID: 8511999473004573088, guid: 97273a69f53924241a92a845eb2ffe00,
    type: 3}
  m_PrefabInstance: {fileID: 1928160752}
  m_PrefabAsset: {fileID: 0}
--- !u!114 &2084408718 stripped
MonoBehaviour:
  m_CorrespondingSourceObject: {fileID: 4296973253179303917, guid: 35413b4b2a7d920429f019b86da2bff2,
    type: 3}
  m_PrefabInstance: {fileID: 4296973252710296163}
  m_PrefabAsset: {fileID: 0}
  m_GameObject: {fileID: 0}
  m_Enabled: 1
  m_EditorHideFlags: 0
  m_Script: {fileID: 11500000, guid: 48ae64be27bb45f79c00d31828dcadbf, type: 3}
  m_Name: 
  m_EditorClassIdentifier: 
--- !u!1001 &4142692683370962175
PrefabInstance:
  m_ObjectHideFlags: 0
  serializedVersion: 2
  m_Modification:
    m_TransformParent: {fileID: 0}
    m_Modifications:
    - target: {fileID: 4142692683362163992, guid: a7415500be9e7ad46bf8d37ce9bcf3cd,
        type: 3}
      propertyPath: m_Name
      value: Main Camera
      objectReference: {fileID: 0}
    - target: {fileID: 4142692683362163989, guid: a7415500be9e7ad46bf8d37ce9bcf3cd,
        type: 3}
      propertyPath: m_LocalPosition.x
      value: 0
      objectReference: {fileID: 0}
    - target: {fileID: 4142692683362163989, guid: a7415500be9e7ad46bf8d37ce9bcf3cd,
        type: 3}
      propertyPath: m_LocalPosition.y
      value: 0
      objectReference: {fileID: 0}
    - target: {fileID: 4142692683362163989, guid: a7415500be9e7ad46bf8d37ce9bcf3cd,
        type: 3}
      propertyPath: m_LocalPosition.z
      value: -10
      objectReference: {fileID: 0}
    - target: {fileID: 4142692683362163989, guid: a7415500be9e7ad46bf8d37ce9bcf3cd,
        type: 3}
      propertyPath: m_LocalRotation.x
      value: 0
      objectReference: {fileID: 0}
    - target: {fileID: 4142692683362163989, guid: a7415500be9e7ad46bf8d37ce9bcf3cd,
        type: 3}
      propertyPath: m_LocalRotation.y
      value: 0
      objectReference: {fileID: 0}
    - target: {fileID: 4142692683362163989, guid: a7415500be9e7ad46bf8d37ce9bcf3cd,
        type: 3}
      propertyPath: m_LocalRotation.z
      value: 0
      objectReference: {fileID: 0}
    - target: {fileID: 4142692683362163989, guid: a7415500be9e7ad46bf8d37ce9bcf3cd,
        type: 3}
      propertyPath: m_LocalRotation.w
      value: 1
      objectReference: {fileID: 0}
    - target: {fileID: 4142692683362163989, guid: a7415500be9e7ad46bf8d37ce9bcf3cd,
        type: 3}
      propertyPath: m_RootOrder
      value: 0
      objectReference: {fileID: 0}
    - target: {fileID: 4142692683362163989, guid: a7415500be9e7ad46bf8d37ce9bcf3cd,
        type: 3}
      propertyPath: m_LocalEulerAnglesHint.x
      value: 0
      objectReference: {fileID: 0}
    - target: {fileID: 4142692683362163989, guid: a7415500be9e7ad46bf8d37ce9bcf3cd,
        type: 3}
      propertyPath: m_LocalEulerAnglesHint.y
      value: 0
      objectReference: {fileID: 0}
    - target: {fileID: 4142692683362163989, guid: a7415500be9e7ad46bf8d37ce9bcf3cd,
        type: 3}
      propertyPath: m_LocalEulerAnglesHint.z
      value: 0
      objectReference: {fileID: 0}
    m_RemovedComponents: []
  m_SourcePrefab: {fileID: 100100000, guid: a7415500be9e7ad46bf8d37ce9bcf3cd, type: 3}
--- !u!1001 &4296973252710296163
PrefabInstance:
  m_ObjectHideFlags: 0
  serializedVersion: 2
  m_Modification:
    m_TransformParent: {fileID: 0}
    m_Modifications:
    - target: {fileID: 4296973253179303918, guid: 35413b4b2a7d920429f019b86da2bff2,
        type: 3}
      propertyPath: m_Name
      value: HallPlayer
      objectReference: {fileID: 0}
    - target: {fileID: 4296973253179303916, guid: 35413b4b2a7d920429f019b86da2bff2,
        type: 3}
      propertyPath: m_LocalPosition.x
      value: 9.020832
      objectReference: {fileID: 0}
    - target: {fileID: 4296973253179303916, guid: 35413b4b2a7d920429f019b86da2bff2,
        type: 3}
      propertyPath: m_LocalPosition.y
      value: -3.5
      objectReference: {fileID: 0}
    - target: {fileID: 4296973253179303916, guid: 35413b4b2a7d920429f019b86da2bff2,
        type: 3}
      propertyPath: m_LocalPosition.z
      value: 0
      objectReference: {fileID: 0}
    - target: {fileID: 4296973253179303916, guid: 35413b4b2a7d920429f019b86da2bff2,
        type: 3}
      propertyPath: m_LocalRotation.x
      value: 0
      objectReference: {fileID: 0}
    - target: {fileID: 4296973253179303916, guid: 35413b4b2a7d920429f019b86da2bff2,
        type: 3}
      propertyPath: m_LocalRotation.y
      value: 0
      objectReference: {fileID: 0}
    - target: {fileID: 4296973253179303916, guid: 35413b4b2a7d920429f019b86da2bff2,
        type: 3}
      propertyPath: m_LocalRotation.z
      value: 0
      objectReference: {fileID: 0}
    - target: {fileID: 4296973253179303916, guid: 35413b4b2a7d920429f019b86da2bff2,
        type: 3}
      propertyPath: m_LocalRotation.w
      value: 1
      objectReference: {fileID: 0}
    - target: {fileID: 4296973253179303916, guid: 35413b4b2a7d920429f019b86da2bff2,
        type: 3}
      propertyPath: m_RootOrder
      value: 4
      objectReference: {fileID: 0}
    - target: {fileID: 4296973253179303916, guid: 35413b4b2a7d920429f019b86da2bff2,
        type: 3}
      propertyPath: m_LocalEulerAnglesHint.x
      value: 0
      objectReference: {fileID: 0}
    - target: {fileID: 4296973253179303916, guid: 35413b4b2a7d920429f019b86da2bff2,
        type: 3}
      propertyPath: m_LocalEulerAnglesHint.y
      value: 0
      objectReference: {fileID: 0}
    - target: {fileID: 4296973253179303916, guid: 35413b4b2a7d920429f019b86da2bff2,
        type: 3}
      propertyPath: m_LocalEulerAnglesHint.z
      value: 0
      objectReference: {fileID: 0}
    - target: {fileID: 4296973253009299991, guid: 35413b4b2a7d920429f019b86da2bff2,
        type: 3}
      propertyPath: m_IsActive
      value: 0
      objectReference: {fileID: 0}
    m_RemovedComponents: []
  m_SourcePrefab: {fileID: 100100000, guid: 35413b4b2a7d920429f019b86da2bff2, type: 3}
